%% This BibTeX bibliography file was created using BibDesk.
%% http://bibdesk.sourceforge.net/


%% Created for Michael Carbajales-Dale at 2014-02-17 19:20:47 -0800 


%% Saved with string encoding Unicode (UTF-8) 



@article{Akai1997,
	Author = {Akai, Makoto and Nomura, Noboru and Waku, Hideki and Inoue, Masanori},
	Journal = {Energy},
	Number = {2-3},
	Pages = {249--255},
	Title = {{Life-cycle analysis of a fossil-fuel power plant with CO2 recovery and a sequestering system}},
	Volume = {22},
	Year = {1997}}

@book{allwood2012sustainable,
	Author = {Allwood, Julian M and Cullen, Jonathan M and Carruth, Mark A and Cooper, Daniel R and McBrien, Martin and Milford, Rachel L and Moynihan, Muiris C and Patel, Alexandra C H},
	Publisher = {UIT Cambridge Limited},
	Title = {{Sustainable Materials: with both eyes open}},
	Year = {2012}}

@article{PIP:PIP295,
	Author = {Alsema, E A},
	Journal = {Progress in Photovoltaics: Research and Applications},
	Number = {1},
	Pages = {17--25},
	Title = {{Energy pay-back time and CO2 emissions of PV systems}},
	Volume = {8},
	Year = {2000}}

@article{Amor2010,
	Author = {Amor, Mourad Ben and Lesage, Pascal and Pineau, Pierre-Olivier and Samson, R\'{e}jean},
	Journal = {Renewable and Sustainable Energy Reviews},
	Number = {9},
	Pages = {2885--2895},
	Title = {{Can distributed generation offer substantial benefits in a Northeastern American context? A case study of small-scale renewable technologies using a life cycle methodology}},
	Volume = {14},
	Year = {2010}}

@techreport{Anair:2012aa,
	Author = {Anair, Don and Mahmassani, Amine},
	Institution = {Union of Concerned Scientists},
	Title = {{State of Charge: Electric Vehicles' Global Warming Emissions and Fuel-Cost Saving across the United States}},
	Year = {2012}}

@incollection{Andreev2005,
	Address = {Oxford},
	Author = {Andreev, V M},
	Booktitle = {Solar Cells},
	Editor = {Markvart, Tom and Castaï¿½er, Luis},
	Pages = {353--369},
	Publisher = {Elsevier Science},
	Title = {{GaAs and high-efficiency space cells}},
	Year = {2005}}

@book{Ayres2002,
	Author = {Ayres, Robert U and Ayres, Leslie W},
	Publisher = {Edward Elgar Publishing},
	Title = {{A handbook of industrial ecology}},
	Year = {2002}}

@article{Ayres:2003ec,
	Author = {Ayres, Robert U and Ayres, Leslie W and Warr, Benjamin S},
	Journal = {Energy},
	Month = mar,
	Number = {3},
	Pages = {219--273},
	Title = {{Exergy, Power and Work in the US Economy, 1900--1998}},
	Volume = {28},
	Year = {2003}}

@article{Ayres1969,
	Author = {Ayres, Robert U and Kneese, Allen V},
	Journal = {The American Economic Review},
	Number = {3},
	Pages = {282--297},
	Title = {{Production, consumption, and externalities}},
	Volume = {59},
	Year = {1969}}

@book{Ayres:2010ug,
	Address = {Cheltenham, UK},
	Author = {Ayres, Robert U and Warr, Benjamin S},
	Publisher = {Edward Elgar},
	Title = {{The Economic Growth Engine: How Energy and Work Drive Material Propserity}},
	Year = {2010}}

@article{Azzopardi2010,
	Author = {Azzopardi, B and Mutale, J},
	Journal = {Renewable \& Sustainable Energy Reviews},
	Number = {3},
	Pages = {1130--1134},
	Title = {{Life cycle analysis for future photovoltaic systems using hybrid solar cells}},
	Volume = {14},
	Year = {2010}}

@article{Bagstad:2007aa,
	Author = {Bagstad, Kenneth J and Ceroni, Marta},
	Journal = {International Journal of Environment, Workplace, and Employment},
	Number = {2},
	Pages = {132--153},
	Title = {{Opportunities and Challenges in Applying the Genuine Progress Indicator/Index of Sustainable Economic Welfare at Local Scales}},
	Volume = {3},
	Year = {2007}}

@article{Bailey2004,
	Author = {Bailey, Reid and Allen, Janet K and Bras, Bert},
	Journal = {Journal of Industrial Ecology},
	Number = {1-2},
	Pages = {45--68},
	Title = {{Applying Ecological Input-Output Flow Analysis to Material Flows in Industrial Systems: Part I: Tracing Flows}},
	Volume = {8},
	Year = {2004}}

@book{Baines1983,
	Address = {Christchurch, N.Z},
	Author = {Baines, James T and Peet, John},
	Editor = {{University of Canterbury. Dept. of Chemical Engineering.} and {New Zealand Energy Research and Development Committee.}},
	Publisher = {Dept. of Chemical Engineering},
	Title = {{The dynamics of energy consumption : changing expectations for the supply of goods and services}},
	Year = {1983}}

@article{Banerjee2006,
	Author = {Banerjee, S and Duckers, L J and Blanchard, R and Choudhury, B K},
	Journal = {Advances in Energy Research 2006},
	Title = {{Life cycle analysis of selected solar and wave energy systems}},
	Year = {2006}}

@article{LBNL2011,
	Author = {{Barbose G. Dargouth}, N and Wiser, R},
	Journal = {Lawrence Berkeley National Laboratory},
	Title = {{Tracking the Sun}},
	Year = {2011}}

@article{Bartelmus:2003vi,
	Author = {Bartelmus},
	Journal = {Ecological Economics},
	Number = {1},
	Pages = {61--81},
	Title = {{Dematerialization and capital maintenance: two sides of the sustainability coin}},
	Volume = {46},
	Year = {2003}}

@article{Battisti2005,
	Author = {Battisti, Riccardo and Corrado, Annalisa},
	Journal = {Energy},
	Number = {7},
	Pages = {952--967},
	Title = {{Evaluation of technical improvements of photovoltaic systems through life cycle assessment methodology}},
	Volume = {30},
	Year = {2005}}

@book{Baumann2004thh,
	Author = {Baumann, Henrikke and Tillman, Anne-Marie},
	Publisher = {External organization},
	Title = {{The Hitch Hiker's Guide to LCA. An orientation in life cycle assessment methodology and application}},
	Year = {2004}}

@article{Beaudreau2010,
	Author = {Beaudreau, Bernard C and Pokrovskii, Vladimir N},
	Journal = {Physica A: Statistical Mechanics and its Applications},
	Number = {13},
	Pages = {2597--2606},
	Title = {{On the energy content of a money unit}},
	Volume = {389},
	Year = {2010}}

@article{Benard1901,
	Author = {B\'{e}nard, H},
	Journal = {Ann. Chim. Phys},
	Pages = {62--101},
	Title = {{The cellular whirlpools in a liquid sheet transporting heat by convection in a permanent regime}},
	Volume = {23},
	Year = {1901}}

@article{Bernardini1993,
	Author = {Bernardini, Oliviero and Galli, Riccardo},
	Journal = {Futures},
	Number = {4},
	Pages = {431--448},
	Title = {{Dematerialization: Long-term trends in the intensity of use of materials and energy}},
	Volume = {25},
	Year = {1993}}

@article{Berry:1973vo,
	Author = {Berry, R S and Fels, M F},
	Journal = {Science and Public Affairs},
	Number = {10},
	Pages = {11--17},
	Title = {{The Energy Cost of Automobiles}},
	Volume = {29},
	Year = {1973}}

@article{Berry1998,
	Author = {Berry, W},
	Journal = {Resurgence},
	Number = {188},
	Pages = {26--31},
	Title = {{The Whole Horse: Agrarianism is a culture at the same time as it is an economy}},
	Year = {1998}}

@book{Berry:2002aa,
	Address = {Berkely, California},
	Author = {Berry, Wendell},
	Publisher = {Counterpoint},
	Title = {{The Art of the Commonplace: The Agrarian Essays}},
	Year = {2002}}

@book{Beyer:1991vd,
	Author = {Beyer, William H},
	Edition = {29},
	Publisher = {CRC Press},
	Title = {{Standard Mathematical Tables and Formulae}},
	Year = {1991}}

@incollection{Black2005,
	Address = {Orlando, Florida},
	Author = {Black, Andy},
	Booktitle = {Solar World Congress 2005},
	Publisher = {American Solar Energy Society},
	Title = {{PV Energy Payback vs. PV Input Energy due to Market Growth}},
	Year = {2005}}

@article{Botsaris2009,
	Author = {Botsaris, P N and Filippidou, F},
	Journal = {Applied Solar Energy},
	Number = {3},
	Pages = {166--175},
	Title = {{Estimation of the Energy Payback Time (EPR) for a PV Module Installed in North Eastern Greece}},
	Volume = {45},
	Year = {2009}}

@article{Boulding1956,
	Author = {Boulding, Kenneth E},
	Journal = {Management Science},
	Number = {3},
	Pages = {197--208},
	Title = {{General Systems Theory-The Skeleton of Science}},
	Volume = {2},
	Year = {1956}}

@article{Boulding1945,
	Author = {Boulding, Kenneth E},
	Journal = {The American Economic Review},
	Number = {2},
	Pages = {1--14},
	Title = {{The consumption concept in economic theory}},
	Volume = {35},
	Year = {1945}}

@article{Boulding1966,
	Author = {Boulding, Kenneth E},
	Journal = {Environmental quality in a growing economy},
	Pages = {3--14},
	Title = {{The economics of the coming spaceship earth}},
	Volume = {2},
	Year = {1966}}

@book{Boustead1979,
	Address = {Chichester},
	Author = {Boustead, I and Hancock, G F},
	Publisher = {Ellis Horwood},
	Title = {{Handbook of industrial energy analysis}},
	Year = {1979}}

@article{Braga2008418,
	Author = {Braga, A F B and Moreira, S P and Zampieri, P R and Bacchin, J M G and Mei, P R},
	Journal = {Solar Energy Materials and Solar Cells},
	Number = {4},
	Pages = {418--424},
	Title = {{New processes for the production of solar-grade polycrystalline silicon: A review}},
	Volume = {92},
	Year = {2008}}

@article{Brandt2011,
	Author = {Brandt, A R},
	Journal = {Sustainability},
	Title = {{The Effects of Oil Depletion on the Energy Efficiency of Oil Production: Bottom-up Estimates from the California Oil Industry}},
	Volume = {IN PRESS},
	Year = {2011}}

@article{en4081211,
	Author = {Brandt, Adam R and Dale, Michael},
	Journal = {Energies},
	Number = {8},
	Pages = {1211--1245},
	Title = {{A General Mathematical Framework for Calculating Systems-Scale Efficiency of Energy Extraction and Conversion: Energy Return on Investment (EROI) and Other Energy Return Ratios}},
	Volume = {4},
	Year = {2011}}

@article{brandt2013calculating,
	Author = {Brandt, Adam R and Dale, Michael and Barnhart, Charles J},
	Journal = {Energy},
	Pages = {235--247},
	Title = {{Calculating Systems-scale Energy Efficiency and Net Energy Returns: A Bottom-up Matrix-based Approach}},
	Volume = {62},
	Year = {2013}}

@book{ConAccount1998,
	Editor = {Bringezu, Stefan and Fischer-Kowalski, Marina and Kleijn, Ren\'{e} and Palm, Viveka},
	Publisher = {Wuppertal Institute},
	Title = {{The ConAccount Agenda: The Concerted Action on Material Flow Analysis and its Research \& Development Agenda}},
	Year = {1998}}

@article{Brown1996,
	Author = {Brown, M T and Herendeen, R A},
	Journal = {Ecological Economics},
	Number = {3},
	Pages = {219--235},
	Title = {{Embodied energy analysis and EMERGY analysis: a comparative view}},
	Volume = {19},
	Year = {1996}}

@incollection{Brown2004,
	Address = {New York},
	Author = {Brown, Mark T and Ulgiati, Sergio and Cutler, J Cleveland},
	Pages = {329--354},
	Publisher = {Elsevier},
	Title = {{Emergy Analysis and Environmental Accounting}},
	Year = {2004}}

@article{Bullard-III:1975aa,
	Author = {{Bullard III}, Clark W and Herendeen, Robert A},
	Journal = {Proceedings of the IEEE},
	Number = {3},
	Pages = {484--493},
	Title = {{Energy impact of consumption decisions}},
	Volume = {63},
	Year = {1975}}

@article{Bullard:1978vd,
	Author = {Bullard, C W and Penner, P S and Pilati, D A},
	Journal = {Resources and energy},
	Number = {3},
	Pages = {267--313},
	Title = {{Net energy analysis: Handbook for combining process and input-output analysis}},
	Volume = {1},
	Year = {1978}}

@article{Bullard1976,
	Author = {Bullard, Clark W},
	Journal = {Energy Systems and Policy},
	Pages = {367},
	Title = {{Energy costs, benefits, and net energy}},
	Volume = {1},
	Year = {1976}}

@incollection{Bullard1978,
	Author = {Bullard, Clark W I I I},
	Editor = {Gilliland, Martha},
	Publisher = {Westview Press},
	Title = {{Energy and Employment Impacts of Policy Decisions}},
	Year = {1978}}

@article{Bullard1975,
	Author = {Bullard, Clark W and Herendeen, Robert A},
	Journal = {Energy Policy},
	Number = {4},
	Pages = {268--278},
	Title = {{The energy cost of goods and services}},
	Volume = {3},
	Year = {1975}}

@book{Bullard1976a,
	Author = {Bullard, Clark W and Penner, Peter S and Pilati, David A},
	Publisher = {Center for Advanced Computation},
	Title = {{Net Energy Analysis: Handbook for Combining Process and Input-Output Analysis}},
	Year = {1976}}

@article{bunker1984modes,
	Author = {Bunker, Stephen G},
	Journal = {American Journal of Sociology},
	Month = mar,
	Number = {5},
	Pages = {1017--1064},
	Title = {{Modes of Extraction, Unequal Exchange, and the Progressive Underdevelopment of an Extreme Periphery: The Brazilian Amazon, 1600-1980}},
	Volume = {89},
	Year = {1984}}

@article{BEA1994b,
	Author = {{Bureau of Economic Affairs}},
	Journal = {Survey of Current Business},
	Month = apr,
	Pages = {50--72},
	Title = {{Integrated Economic and Environmental Satellite Accounts}},
	Year = {1994}}

@article{BEA1994a,
	Author = {{Bureau of Economic Affairs}},
	Journal = {Survey of Current Business},
	Month = apr,
	Pages = {33--49},
	Title = {{Integrated Economic and Environmental Satellite Accounts}},
	Year = {1994}}

@misc{BEAVA,
	Author = {{Bureau of Economic Analysis}},
	Howpublished = {$\backslash$url\{http://www.bea.gov/faq/index.cfm?faq\_id=184\}},
	Title = {{What is industry value added?}}}

@misc{BEADetailedData,
	Author = {{Bureau of Economic Analysis}},
	Howpublished = {$\backslash$url\{http://www.bea.gov/national/FA2004/Details/Index.html\}},
	Title = {{Detailed Data for Fixed Assets and Consumer Durable Goods}}}

@article{Burkhardt2011,
	Author = {Burkhardt, John J and Heath, Garvin A and Turchi, Craig S},
	Journal = {Environmental Science \& Technology},
	Number = {6},
	Pages = {2457--2464},
	Title = {{Life Cycle Assessment of a Parabolic Trough Concentrating Solar Power Plant and the Impacts of Key Design Alternatives}},
	Volume = {45},
	Year = {2011}}

@incollection{Burnett1981,
	Address = {XXXX},
	Author = {Burnett, Michael S},
	Booktitle = {XXXX},
	Editor = {XXXX},
	Publisher = {XXXX},
	Title = {{A methodology for assessing net energy and abundance of energy resources}},
	Year = {1981}}

@techreport{Burnham2006,
	Author = {Burnham, Andrew and Wang, M Q and Wu, Y},
	Institution = {ANL},
	Title = {{Development and applications of GREET 2.7--The Transportation Vehicle-CycleModel.}},
	Year = {2006}}

@misc{CAGOV2012,
	Author = {CAGOV},
	Title = {{California: Total Electricity System Power}},
	Year = {2012}}

@book{Capra2004,
	Address = {New York},
	Author = {Capra, Fritjof},
	Month = jan,
	Publisher = {Anchor Books},
	Title = {{The Hidden Connections: A Science for Sustainable Living}},
	Year = {2004}}

@incollection{Carlson2005217,
	Address = {Oxford},
	Author = {Carlson, David E and Wronski, Christopher R},
	Booktitle = {Solar Cells},
	Editor = {Markvart, Tom and Castaï¿½er, Luis},
	Pages = {217--251},
	Publisher = {Elsevier Science},
	Title = {{Amorphous silicon solar cells}},
	Year = {2005}}

@article{Carter1974,
	Author = {Carter, Anne P},
	Journal = {Science},
	Number = {4134},
	Pages = {325--330},
	Title = {{Applications of Input-Output Analysis to Energy Problems}},
	Volume = {184},
	Year = {1974}}

@article{Casler:1983uy,
	Author = {Casler, Stephen},
	Journal = {Energy Syst. Policy},
	Number = {3},
	Title = {{Correcting input-output coefficients for capital depreciation}},
	Volume = {7},
	Year = {1983}}

@article{Casler1984187,
	Author = {Casler, Stephen and Wilbur, Suzanne},
	Journal = {Resources and Energy},
	Number = {2},
	Pages = {187--201},
	Title = {{Energy input-output analysis : A simple guide}},
	Volume = {6},
	Year = {1984}}

@misc{GNH:2014aa,
	Author = {{Centre for Bhutan Studies \& GNH Research, Thimphu, Bhutan}},
	Howpublished = {$\backslash$url\{http://www.grossnationalhappiness.com/\}},
	Title = {{Gross National Happiness}},
	Year = {2014}}

@article{Chapman1974a,
	Author = {Chapman, P F},
	Journal = {Energy Policy},
	Number = {2},
	Pages = {91--103},
	Title = {{1. Energy costs: a review of methods}},
	Volume = {2},
	Year = {1974}}

@article{Chapman1975,
	Author = {Chapman, P F and Faculty, Science},
	Journal = {Energy Policy},
	Number = {1},
	Pages = {47--57},
	Title = {{4. The energy costs of materials}},
	Volume = {3},
	Year = {1975}}

@article{Chapman1974b,
	Author = {Chapman, P F and Leach, G and Slesser, M},
	Journal = {Energy Policy},
	Number = {3},
	Pages = {231--243},
	Title = {{Energy Budgets .2. Energy Cost of Fuels}},
	Volume = {2},
	Year = {1974}}

@article{Chapman1974,
	Author = {Chapman, P F and Leach, G and Slesser, M},
	Journal = {Energy Policy},
	Number = {3},
	Pages = {231--243},
	Title = {{2. The energy cost of fuels}},
	Volume = {2},
	Year = {1974}}

@misc{Chapman1974c,
	Author = {Chapman, P F and Mortimer, N D},
	Title = {{Energy inputs and outputs of nuclear power}},
	Year = {1974}}

@article{Chapman197619,
	Author = {Chapman, Peter},
	Journal = {Omega},
	Number = {1},
	Pages = {19--33},
	Title = {{Energy analysis: A review of methods and applications}},
	Volume = {4},
	Year = {1976}}

@incollection{Chapman1977,
	Address = {IPC Science and Technology Press},
	Author = {Chapman, Peter F},
	Editor = {Thomas, John A G},
	Title = {{Energy analysis of nuclear power stations}},
	Year = {1977}}

@book{Chapman1975,
	Author = {Chapman, Peter F},
	Publisher = {Penguin},
	Title = {{Fuel's Paradise: Energy Options for Britain}},
	Year = {1975}}

@techreport{DOE2010a,
	Author = {Chu, S},
	Institution = {US Department of Energy},
	Title = {{Is it time for a "\{S\}un \{S\}hot"?}},
	Year = {2010}}

@article{Chu2012,
	Author = {Chu, Steven and Majumdar, Arun},
	Journal = {nature},
	Number = {7411},
	Pages = {294--303},
	Title = {{Opportunities and challenges for a sustainable energy future}},
	Volume = {488},
	Year = {2012}}

@article{Cleveland2005,
	Author = {Cleveland, C J},
	Journal = {Energy},
	Number = {5},
	Pages = {769--782},
	Title = {{Net energy from the extraction of oil and gas in the United States}},
	Volume = {30},
	Year = {2005}}

@article{Cleveland1984,
	Author = {Cleveland, Cutler J and Costanza, Robert},
	Journal = {Energy},
	Number = {1},
	Pages = {35--51},
	Title = {{Net energy analysis of geopressured gas resources in the U.S. Gulf Coast Region}},
	Volume = {9},
	Year = {1984}}

@article{Cleveland1984a,
	Author = {Cleveland, Cutler J and Costanza, Robert and Hall, Charles A S and Kaufmann, Robert},
	Journal = {Science},
	Number = {4665},
	Pages = {890--897},
	Title = {{Energy and the U.S. Economy: A Biophysical Perspective}},
	Volume = {225},
	Year = {1984}}

@article{Cleveland2006,
	Author = {Cleveland, Cutler J and Hall, Charles A S and Herendeen and Hagens, Nathan and Costanza, Robert and Mulder and Lynd, Lee and Greene, Nathanael and Dale, Bruce and Laser, Mark and Lashof, Dan and Wang, Michael and Wyman and Kaufmann and Patzek and Farrell, Alexander E and Plevin, Richard J and Turner, Brian T and Jones, Andrew D and O'Hare, Michael and Kammen, Daniel M},
	Journal = {Science},
	Number = {5781},
	Pages = {1746--1748},
	Title = {{Energy Returns on Ethanol Production}},
	Volume = {312},
	Year = {2006}}

@incollection{Cleveland2004,
	Address = {New York},
	Author = {Cleveland, Cutler J and Kaufmann, Robert K and Stern, David I},
	Booktitle = {Encyclopedia of Energy},
	Editor = {Cleveland, Cutler J},
	Pages = {17--28},
	Publisher = {Elsevier},
	Title = {{Aggregation of Energy}},
	Year = {2004}}

@article{Cleveland2000,
	Author = {Cleveland, Cutler J and Kaufmann, Robert K and Stern, David I},
	Journal = {Ecological Economics},
	Pages = {301--317},
	Title = {{Aggregation and the role of energy in the economy}},
	Volume = {32},
	Year = {2000}}

@article{Cleveland1998,
	Author = {Cleveland, Cutler J and Ruth, Matthias},
	Journal = {Journal of industrial ecology},
	Number = {3},
	Pages = {15--50},
	Title = {{Indicators of dematerialization and the materials intensity of use}},
	Volume = {2},
	Year = {1998}}

@incollection{Cleveland2010,
	Address = {Oxford},
	Author = {Cleveland, Cutler and Costanza, Robert},
	Booktitle = {Encyclopedia of Earth},
	Editor = {Cleveland, Cutler J},
	Publisher = {Washington, D.C.: Environmental Information Coalition, National Council for Science and the Environment},
	Title = {{Net Energy Analysis}},
	Year = {2010}}

@book{Cobb1999,
	Author = {Cobb, Clifford W and Goodman, Gary Sue and Wackernagel, Mathis},
	Publisher = {Redefining Progress San Francisco},
	Title = {{Why Bigger Isn't Better: The Genuine Progress Indicator: 1999 Update}},
	Year = {1999}}

@article{Costanza1980,
	Author = {Costanza, R},
	Journal = {Science},
	Number = {4475},
	Pages = {1219--1224},
	Title = {{Embodied Energy and Economic Valuation}},
	Volume = {210},
	Year = {1980}}

@article{Costanza:1984tq,
	Author = {Costanza, R and Herendeen, R A},
	Journal = {Resources and Energy},
	Number = {2},
	Pages = {129--163},
	Title = {{Embodied Energy and Economic Value in the United States Economy: 1963, 1967 and 1972}},
	Volume = {6},
	Year = {1984}}

@article{Costanza2014,
	Author = {Costanza, R and Kubiszewski, I and Giovannini, E and Lovins, H and McGlade, J and Pickett, K E and Ragnarsd\'{o}ttir, K and Roberts, D and {De Vogli}, R and Wilkinson, R},
	Journal = {Nature},
	Number = {7483},
	Pages = {283--285},
	Title = {{Development: Time to leave GDP behind.}},
	Volume = {505},
	Year = {2014}}

@book{Costanza1978,
	Author = {Costanza, Robert},
	Publisher = {Center for Advanced Computation},
	Title = {{Energy Costs of Goods and Services in 1967 including Solar Energy Inputs and Labor and Government Service Feedbacks}},
	Year = {1978}}

@incollection{Costanza:2004we,
	Author = {Costanza, Robert},
	Booktitle = {Encyclopedia of Energy},
	Editor = {Cleveland, Cutler J},
	Month = mar,
	Pages = {337--346},
	Publisher = {Elsevier},
	Title = {{Value Theory and Energy}},
	Volume = {6},
	Year = {2004}}

@article{Crawford2008496,
	Author = {Crawford, Robert H},
	Journal = {Journal of Environmental Management},
	Number = {3},
	Pages = {496--506},
	Title = {{Validation of a hybrid life-cycle inventory analysis method}},
	Volume = {88},
	Year = {2008}}

@article{Curran2007,
	Author = {Curran, Mary Ann},
	Journal = {Environmental science technology},
	Number = {20},
	Pages = {7145--7151},
	Title = {{Studying the effect on system preference by varying coproduct allocation in creating life-cycle inventory.}},
	Volume = {41},
	Year = {2007}}

@article{Curran2007a,
	Author = {Curran, Mary Ann},
	Journal = {Int. J. Life Cycle Assess. [Online early access].},
	Title = {{Co-Product and Input Allocation Approaches for Creating Life Cycle Inventory Data: A Literature Review}},
	Year = {2007}}

@book{Daly1997,
	Author = {Daly, Herman E},
	Publisher = {Beacon Press},
	Title = {{Beyond growth: the economics of sustainable development}},
	Year = {1997}}

@article{Daly1977,
	Author = {Daly, Herman E},
	Journal = {San Francisco},
	Title = {{Steady-state economics}},
	Year = {1977}}

@incollection{Daly2006,
	Author = {Daly, Herman E},
	Booktitle = {The future of sustainability},
	Pages = {39--53},
	Publisher = {Springer},
	Title = {{Sustainable Development---Definitions, Principles, Policies}},
	Year = {2006}}

@article{Daly1995,
	Author = {Daly, Herman E},
	Journal = {Review of Social Economy},
	Number = {4},
	Pages = {451--473},
	Title = {{Consumption and welfare: two views of value added}},
	Volume = {53},
	Year = {1995}}

@misc{Daly:2012aa,
	Author = {Daly, Herman E},
	Howpublished = {$\backslash$url\{http://steadystate.org/three-more-growth-fallacies/\}},
	Title = {{Three More Growth Fallacies}},
	Year = {2012}}

@book{Daly:1994aa,
	Address = {Boston},
	Author = {Daly, Herman E and Cobb, John B},
	Publisher = {Beacon Press},
	Title = {{For The Common Good: Redirecting the Economy Toward Community, the Environment, and a Sustainable Future}},
	Year = {1994}}

@article{Daniels2001,
	Author = {Daniels, Peter L and Moore, Stephen},
	Journal = {Journal of Industrial Ecology},
	Number = {4},
	Pages = {69--93},
	Title = {{Approaches for quantifying the metabolism of physical economies: Part i: Methodological overview}},
	Volume = {5},
	Year = {2001}}

@article{DeHaes2007,
	Author = {{DE HAES}, Helias A Udo and HEIJUNGS, Reinout},
	Journal = {Applied energy},
	Number = {7-8},
	Pages = {817--827},
	Title = {{Life-cycle assessment for energy analysis and management}},
	Volume = {84},
	Year = {2007}}

@article{DeWild,
	Author = {de Wild-Scholten, M J and Veltkamp, A C and Energy, Ecns},
	Title = {{ENVIRONMENTAL LIFE CYCLE ANALYSIS OF DYE SENSITIZED SOLAR DEVICES; STATUS AND OUTLOOK}}}

@article{Devezas2008,
	Author = {Devezas, Tessaleno and LePoire, David and Matias, Jo\~{a}o C O and Silva, Ab\'{\i}lio M P},
	Journal = {Futures},
	Number = {1},
	Pages = {1--16},
	Title = {{Energy scenarios: Toward a new energy paradigm}},
	Volume = {40},
	Year = {2008}}

@incollection{Dewulf2006,
	Author = {Dewulf, Jo and {Van Langenhove}, Herman},
	Editor = {Dewulf, Jo and {Van Langenhove}, Herman},
	Publisher = {John Wiley \& Sons},
	Title = {{Exergy}},
	Year = {2006}}

@techreport{DOE2010b,
	Author = {DOE},
	Institution = {US Department of Energy, Energy Efficiency and Renewable Energy},
	Title = {{2008 Solar Technologies Market Report}},
	Year = {2010}}

@article{Dong2008,
	Author = {Dong, X B and Ulgiati, S and Yan, M C and Zhang, X S and Gao, W S},
	Journal = {Energy Policy},
	Number = {10},
	Pages = {3882--3892},
	Title = {{Energy and eMergy evaluation of bioethanol production from wheat in Henan Province, China}},
	Volume = {36},
	Year = {2008}}

@misc{EIA:2014aa,
	Author = {EIA},
	Howpublished = {$\backslash$url\{http://www.eia.gov/consumption/manufacturing/data/2010/\#r8\}},
	Title = {{2010 Manufacturing Energy Consumption Survey (MECS) Survey Data}},
	Year = {2010}}

@techreport{EIA2011,
	Author = {EIA},
	Institution = {Energy Information Administration, US Department of Energy},
	Title = {{Annual \{E\}nergy \{O\}utlook 2011}},
	Year = {2011}}

@misc{EIA2012,
	Author = {EIA},
	Title = {{International Energy Statistics}},
	Year = {2012}}

@article{Ekvall1997,
	Author = {Ekvall, Tomas and Tillman, Anne-Marie},
	Journal = {The International Journal of Life Cycle Assessment},
	Number = {3},
	Pages = {155--162},
	Title = {{Open-loop recycling: Criteria for allocation procedures}},
	Volume = {2},
	Year = {1997}}

@article{Ekvall2004,
	Author = {Ekvall, Tomas and Weidema, Bo},
	Journal = {The International Journal of Life Cycle Assessment},
	Number = {3},
	Pages = {161--171},
	Title = {{System boundaries and input data in consequential life cycle inventory analysis}},
	Volume = {9},
	Year = {2004}}

@misc{EPIA2007,
	Author = {EPIA},
	Title = {{Solar Generation IV - 2007}},
	Year = {2007}}

@techreport{EPIA2010,
	Address = {Brussels, Belgium},
	Author = {EPIA},
	Institution = {European Photovoltiac Industry Association},
	Title = {{Solar Generation 6}},
	Year = {2010}}

@article{Estrup1974193,
	Author = {Estrup, Christian},
	Journal = {Industrial Marketing Management},
	Number = {4},
	Pages = {193--209},
	Title = {{Energy consumption analysis by application of national input-output tables}},
	Volume = {3},
	Year = {1974}}

@book{Etemad1991,
	Address = {Gen\`{e}ve},
	Author = {Etemad, Bouda and Luciani, Jean},
	Editor = {{Centre national de la recherche scientifique (France)} and {Universit\'{e} de Gen\`{e}ve. Centre d'histoire \'{e}conomique internationale.}},
	Publisher = {Librairie Droz},
	Title = {{World energy production, 1800-1985 = Production mondiale d'\'{e}nergie, 1800-1985}},
	Year = {1991}}

@techreport{SEEA2012,
	Author = {{European Commission, Organisation for Economic Co-operation and Development, United Nations, World Bank}},
	Title = {{System of Environmental-Economic Accounting 2012: Experimental Ecosystem Accounting}},
	Type = {White-cover Publication, pre-edited text subject to official editing},
	Year = {2013}}

@article{GregoryF20063218,
	Author = {F., Gregory and Nemet},
	Journal = {Energy Policy},
	Number = {17},
	Pages = {3218--3232},
	Title = {{Beyond the learning curve: factors influencing cost reductions in photovoltaics}},
	Volume = {34},
	Year = {2006}}

@article{Farrell2006,
	Author = {Farrell, Alexander E and Plevin, Richard J and Turner, Brian T and Jones, Andrew D and O'Hare, Michael and Kammen, Daniel M},
	Journal = {Science},
	Number = {5760},
	Pages = {506--508},
	Title = {{Ethanol Can Contribute to Energy and Environmental Goals}},
	Volume = {311},
	Year = {2006}}

@incollection{Ferrazza200571,
	Address = {Oxford},
	Author = {Ferrazza, Francesca},
	Booktitle = {Solar Cells},
	Editor = {Markvart, Tom and Castaï¿½er, Luis},
	Pages = {71--88},
	Publisher = {Elsevier Science},
	Title = {{Crystalline silicon: Manufacture and properties}},
	Year = {2005}}

@article{F-K2003,
	Author = {Fischer-Kowalski, Marina},
	Journal = {Perspectives on industrial ecology},
	Number = {71},
	Pages = {35--45},
	Title = {{On the history of industrial metabolism}},
	Volume = {1},
	Year = {2003}}

@article{F-K1998,
	Author = {Fischer-Kowalski, Marina and H\"{u}ttler, Walter},
	Journal = {Journal of industrial ecology},
	Number = {4},
	Pages = {107--136},
	Title = {{Society's metabolism}},
	Volume = {2},
	Year = {1998}}

@book{FischerKowalski:2011uo,
	Address = {New York},
	Author = {Fischer-Kowalski, Marina and Swilling, Mark and von Weizsacker, E U and Ren, Y and Moriguchi, Y and Crane, W and Krausmann, F and na Eisenmenger, N and Glijum, S and Hennicke, P and {Romero Lankao}, P and {Siriban Manalang}, A and Sewerin, S},
	Editor = {Panel, International Resource},
	Publisher = {United Nations Environmental Programme},
	Title = {{UNEP [2011] Decoupling Natural Resource Use and Environmental Impacts from Economic Growth. A Report of the Working Group on Decoupling to the International Resource Panel.}},
	Year = {2011}}

@article{Fisher1971,
	Author = {Fisher, J C and Pry, R H},
	Journal = {Technological Forecasting and Social Change},
	Pages = {75--88},
	Title = {{A simple substitution model of technological change}},
	Volume = {3},
	Year = {1971}}

@misc{Frankl2001,
	Author = {Frankl, Paolo},
	Title = {{Life Cycle Assessment of Renewables: Present Issues, Future Outlook and Implications for the Calculation of External Costs}},
	Year = {2001}}

@inproceedings{NREL2006,
	Author = {Friedman, D J and Mitchell, R L and Keyes, B M and Bower, W I and King, R and Mazer, J A},
	Booktitle = {Photovoltaic Energy Conversion, Conference Record of the 2006 IEEE 4th World Conference on},
	Organization = {IEEE},
	Pages = {2502--2505},
	Title = {{PV Manufacturing R\&D Project Status and Accomplishments Under in-Line Diagnostics and Intelligent Processing and Yield, Durability and Reliability}},
	Volume = {2},
	Year = {2006}}

@book{Friedman:1982aa,
	Address = {Chicago},
	Author = {Friedman, Milton},
	Publisher = {University of Chicago Press},
	Title = {{Capitalism and Freedom}},
	Year = {1982}}

@article{springerlink:10.1007/BF02979833,
	Author = {Frischknecht, Rolf and Heijungs, Reinout and Hofstetter, Patrick},
	Journal = {The International Journal of Life Cycle Assessment},
	Number = {5},
	Pages = {266--272},
	Title = {{Einstein'ssons for energy accounting in LCA}},
	Volume = {3},
	Year = {1998}}

@book{Fthenakis2005,
	Author = {Fthenakis, V M and Alsema, E A and de Wild-Scholten, M J},
	Publisher = {IEEE},
	Title = {{Life cycle assessment of photovoltaics: perceptions, needs, and challenges}}}

@article{Fthenakis2006,
	Author = {Fthenakis, V and Alsema, E},
	Journal = {Progress in Photovoltaics},
	Number = {3},
	Pages = {275--280},
	Title = {{Photovoltaics energy payback times, greenhouse gas emissions and external costs: 2004 - early 2005 status}},
	Volume = {14},
	Year = {2006}}

@inproceedings{Fthenakis2009,
	Author = {Fthenakis, V and Kim, H C and Held, M and Raugei, M and Krones, J},
	Booktitle = {Book of Proceedings of the 24th European Photovoltaic Solar Energy Conference},
	Pages = {21--25},
	Title = {{Update of PV energy payback times and life-cycle greenhouse gas emissions}},
	Year = {2009}}

@article{Gagnon2009,
	Author = {Gagnon, Nathan and Hall, Charles and Brinker, Lysle},
	Journal = {Energies},
	Number = {3},
	Pages = {490--503},
	Title = {{A Preliminary Investigation of Energy Return on Energy Investment for Global Oil and Gas Production}},
	Volume = {2},
	Year = {2009}}

@misc{GEMIS2002,
	Author = {GEMIS},
	Title = {{Global Emissions Model for Integrated Systems}},
	Year = {2002}}

@article{G-R1979a,
	Author = {Georgescu-Roegen, N},
	Journal = {Journal of Business Administration},
	Pages = {107--127},
	Title = {{Energy and matter in mankind's technological circuit}},
	Volume = {10},
	Year = {1979}}

@article{GeorgescuRoegen:1977tf,
	Author = {Georgescu-Roegen, Nicholas},
	Journal = {BioScience},
	Pages = {266--270},
	Title = {{The steady state and ecological salvation: a thermodynamic analysis}},
	Year = {1977}}

@article{Georgescu-Roegen1979,
	Author = {Georgescu-Roegen, Nicholas},
	Journal = {Southern Economic Journal},
	Number = {4},
	Pages = {1023--1058},
	Title = {{Energy Analysis and Economic Valuation}},
	Volume = {45},
	Year = {1979}}

@article{Georgescu-Roegen1975,
	Author = {Georgescu-Roegen, Nicholas},
	Journal = {Southern Economic Journal},
	Number = {3},
	Pages = {347--381},
	Title = {{Energy and Economic Myths}},
	Volume = {41},
	Year = {1975}}

@article{G-R1975,
	Author = {Georgescu-Roegen, Nicholas},
	Journal = {World Development},
	Number = {11-12},
	Pages = {765--783},
	Title = {{Dynamic models and economic growth}},
	Volume = {3},
	Year = {1975}}

@article{G-R1970,
	Author = {Georgescu-Roegen, Nicholas},
	Journal = {The American Economic Review},
	Number = {2},
	Pages = {1--9},
	Title = {{The economics of production}},
	Volume = {60},
	Year = {1970}}

@book{Gever1991,
	Address = {Niwot, Colo},
	Author = {Gever, John and Kaufmann, Robert and Skole, David and Vorosmarty, Charles},
	Edition = {3rd},
	Publisher = {University Press of Colorado},
	Title = {{Beyond oil : the threat to food and fuel in the coming decades}},
	Year = {1991}}

@article{Giampietro2000,
	Author = {Giampietro, Mario and Mayumi, Kozo},
	Journal = {Population and Environment},
	Number = {2},
	Pages = {109--153},
	Title = {{Multiple-scale integrated assessment of societal metabolism: Introducing the approach}},
	Volume = {22},
	Year = {2000}}

@book{Giampietro2013,
	Author = {Giampietro, Mario and Mayumi, Kozo and Alevg\"{u}l, H and Others},
	Publisher = {Routledge},
	Title = {{Energy Analysis for a Sustainable Future: Multi-scale Integrated Analysis of Societal and Ecosystem Metabolism}},
	Year = {2013}}

@article{GiamPietro1991117,
	Author = {GiamPietro, Mario and Pimentel, David},
	Journal = {Ecological Economics},
	Number = {2},
	Pages = {117--144},
	Title = {{Energy efficiency: Assessing the interaction between humans and their environment}},
	Volume = {4},
	Year = {1991}}

@article{Gilliland1975,
	Author = {Gilliland, Martha W},
	Journal = {Science},
	Number = {4208},
	Pages = {1051--1056},
	Title = {{Energy Analysis and Public Policy}},
	Volume = {189},
	Year = {1975}}

@article{Glaser2006,
	Author = {Glaser, John},
	Journal = {Clean Technologies and Environmental Policy},
	Number = {4},
	Pages = {225--228},
	Title = {{Corporate responsibility and the triple bottom line}},
	Volume = {8},
	Year = {2006}}

@misc{Grasl2004,
	Author = {Gra\ss l, H and Kokott, J and Kulessa, M and Luther, J and Nuscheler, F and Sauerborn, R and Schellnhuber, H.-J. and Schubert, R and Schulze, E.-D. and Earthscan},
	Title = {{World in Transition: Towards Sustainable Energy Systems}},
	Year = {2004}}

@article{Green2001,
	Author = {Green, Martin A},
	Journal = {Progress in Photovoltaics: Research and Applications},
	Number = {2},
	Pages = {123--135},
	Title = {{Third generation photovoltaics: Ultra-high conversion efficiency at low cost}},
	Volume = {9},
	Year = {2001}}

@article{Grimmer198149,
	Author = {Grimmer, Derrick P},
	Journal = {Solar Energy},
	Number = {1},
	Pages = {49--53},
	Title = {{Solar energy breeders}},
	Volume = {26},
	Year = {1981}}

@article{Gurzenich2004,
	Author = {G\"{u}rzenich, D and Wagner, H.-J.},
	Journal = {Energy},
	Number = {12-15},
	Pages = {2297--2303},
	Title = {{Cumulative energy demand and cumulative emissions of photovoltaics production in Europe}},
	Volume = {29},
	Year = {2004}}

@article{Gurzenich1999,
	Author = {G\"{u}rzenich, Dirk and Mathur, Jyotirmay and Bansal, Narendra and Wagner, Hermann-Josef},
	Journal = {The International Journal of Life Cycle Assessment},
	Number = {3},
	Pages = {143--149},
	Title = {{Cumulative energy demand for selected renewable energy technologies}},
	Volume = {4},
	Year = {1999}}

@article{Gusdorf19921137,
	Author = {Gusdorf, John},
	Journal = {Energy},
	Number = {12},
	Pages = {1137--1151},
	Title = {{Energy paybacks and renewable breeders}},
	Volume = {17},
	Year = {1992}}

@inproceedings{Gutowski2010,
	Author = {Gutowski, T.G. and Gershwin, S.B. and Bounassisi, T.},
	Booktitle = {2010 IEEE International Symposium on Sustainable Systems and Technology (ISSST)},
	Pages = {1--5},
	Title = {{Energy payback for energy systems ensembles during growth}},
	Year = {2010}}

@techreport{GWEC2011,
	Address = {Brussels, Belgium},
	Author = {GWEC},
	Institution = {Global Wind Energy Council},
	Title = {{Global Wind Statistics 2010}},
	Year = {2011}}

@article{Haberl2001,
	Author = {Haberl, Helmut},
	Journal = {Journal of Industrial Ecology},
	Number = {1},
	Pages = {11--33},
	Title = {{The energetic metabolism of societies part I: accounting concepts}},
	Volume = {5},
	Year = {2001}}

@incollection{Hall1981,
	Address = {New York},
	Author = {Hall, Charles A S and Cleveland, Cutler J and Berger, M},
	Booktitle = {Energy and Ecological Modelling},
	Editor = {Mitsch, W J and Bosserman, R W and Klopatek, J M},
	Pages = {715--724},
	Publisher = {Elsevier},
	Title = {{Yield Per Effort and Net Energy Analyses of Several Domestic Energy Industries}},
	Volume = {Elsevier},
	Year = {1981}}

@book{Hall1986,
	Author = {Hall, Charles A S and Cleveland, Cutler J and Kaufman, Robert},
	Publisher = {John Wiley \& Sons},
	Title = {{Energy and Resource Quality: The Ecology of the Economic Process}},
	Year = {1986}}

@article{Hall2009,
	Author = {Hall, Charles and Balogh, Stephen and Murphy, David},
	Journal = {Energies},
	Number = {1},
	Pages = {25--47},
	Title = {{What is the Minimum EROI that a Sustainable Society Must Have?}},
	Volume = {2},
	Year = {2009}}

@unpublished{Halloran2007,
	Author = {Halloran, Daniel},
	Title = {{EROI of Geothermal Energy Production}},
	Year = {2007}}

@article{Hammerschlag2006,
	Author = {Hammerschlag, R},
	Journal = {Environ. Sci. Technol.},
	Pages = {1744--1750},
	Title = {{Ethanol's Energy Return on Investment: A Survey of the Literature 1990-Present}},
	Volume = {40},
	Year = {2006}}

@article{Hammond17111972,
	Author = {Hammond, Allen L},
	Journal = {Science},
	Number = {4062},
	Pages = {732--733},
	Title = {{Photovoltaic Cells: Direct Conversion of Solar Energy}},
	Volume = {178},
	Year = {1972}}

@article{Hammond:2009tu,
	Author = {Hammond, Geoffrey P and Winnett, Adrian B},
	Journal = {Sustainability},
	Pages = {1196--1225},
	Title = {{The Influence of Thermodynamic Ideas on Ecological Economics: An Interdisciplinary Critique}},
	Volume = {1},
	Year = {2009}}

@article{Hannon1982,
	Author = {Hannon, B},
	Journal = {Technological Forecasting and Social Change},
	Number = {4},
	Pages = {281--300},
	Title = {{Energy discounting}},
	Volume = {21},
	Year = {1982}}

@book{Harvey1889,
	Author = {Harvey, William},
	Publisher = {Bell},
	Title = {{On the Motion of the Heart \& Blood in Animals}},
	Volume = {1}}

@book{EUROSTAT2011,
	Author = {Hass, Julie and Popescu, Cristina},
	Publisher = {eurostat},
	Title = {{Economy-wide material flows: European countries required more materials between 2000 and 2007}},
	Year = {2011}}

@article{Hawkins2012,
	Author = {Hawkins, Troy R and Singh, Bhawna and Majeau-Bettez, Guillaume and Str\o mman, Anders Hammer},
	Journal = {Journal of Industrial Ecology},
	Number = {1},
	Title = {{Comparative Environmental Life Cycle Assessment of Conventional and Electric Vehicles}},
	Volume = {17},
	Year = {2012}}

@article{Heijungs199469,
	Author = {Heijungs, Reinout},
	Journal = {Ecological Economics},
	Number = {1},
	Pages = {69--81},
	Title = {{A generic method for the identification of options for cleaner products}},
	Volume = {10},
	Year = {1994}}

@article{springerlink:10.1007/BF02979343,
	Author = {Heijungs, Reinout and Frischknecht, Rolf},
	Journal = {The International Journal of Life Cycle Assessment},
	Number = {6},
	Pages = {321--332},
	Title = {{A special view on the nature of the allocation problem}},
	Volume = {3},
	Year = {1998}}

@article{springerlink:10.1007/BF02978899,
	Author = {Heijungs, Reinout and Sun, Sangwon},
	Journal = {The International Journal of Life Cycle Assessment},
	Number = {5},
	Pages = {314},
	Title = {{The computational structure of life cycle assessment}},
	Volume = {7},
	Year = {2002}}

@article{Held2011,
	Author = {Held, Michael and Ilg, Robert},
	Journal = {Progress in Photovoltaics Research and Applications},
	Number = {January},
	Pages = {614--626},
	Title = {{Update of environmental indicators and energy payback time of CdTe PV systems in Europe}},
	Volume = {19},
	Year = {2011}}

@book{Hendrickson2006,
	Author = {Hendrickson, Chris T and Lave, Lester B and Matthews, H Scott},
	Publisher = {RFF Press},
	Title = {{Environmental life cycle assessment of goods and services: an input-output approach}},
	Year = {2006}}

@article{Herendeen1981,
	Author = {Herendeen, R A and Plant, R L},
	Journal = {Energy},
	Number = {1},
	Pages = {73--82},
	Title = {{Energy Analysis of 4 Geothermal Technologies}},
	Volume = {6},
	Year = {1981}}

@article{Herendeen1974a,
	Author = {Herendeen, Robert A},
	Journal = {Energy: Demand, Conservation, and institutional problems. Cambridge: MIT press (proceedings)},
	Pages = {140--158},
	Title = {{Use of input-output analysis to determine the energy cost of goods and services}},
	Year = {1974}}

@techreport{Herendeen1973,
	Author = {Herendeen, Robert A},
	Institution = {Oak Ridge National Lab., Tenn.(USA)},
	Title = {{Energy cost of goods and services}},
	Year = {1973}}

@article{Herendeen1978,
	Author = {Herendeen, Robert A},
	Journal = {Energy Policy},
	Number = {2},
	Pages = {162--165},
	Title = {{Input-output techniques and energy cost of commodities}},
	Volume = {6},
	Year = {1978}}

@book{Herendeen1974,
	Author = {Herendeen, Robert A and Bullard, Clark W},
	Publisher = {Center for Advanced Computation, University of Illinois},
	Title = {{Energy Cost of Goods and Services: 1963 and 1967}},
	Year = {1974}}

@incollection{Herendeen2004,
	Address = {New York},
	Author = {Herendeen, Robert A and Cutler, J Cleveland},
	Pages = {283--289},
	Publisher = {Elsevier},
	Title = {{Net Energy Analysis: Concepts and Methods}},
	Year = {2004}}

@article{Hermann2006,
	Author = {Hermann, Weston A},
	Journal = {Energy},
	Month = sep,
	Number = {12},
	Pages = {1685--1702},
	Title = {{Quantifying global exergy resources}},
	Volume = {31},
	Year = {2006}}

@article{Hill1975306,
	Author = {Hill, K M and Walford, F J},
	Journal = {Energy Policy},
	Number = {4},
	Pages = {306--317},
	Title = {{Energy analysis of a power generating system}},
	Volume = {3},
	Year = {1975}}

@article{Hirst1973,
	Author = {Hirst, E and Herendeen, R A},
	Journal = {Society of Automotive Engineers, January},
	Title = {{Total energy demand for automobiles, paper no. 730065 delivered at the International Automotive Engineering Congress}},
	Year = {1973}}

@book{Hoekstra2003,
	Author = {Hoekstra, Rutger},
	Publisher = {Edward Elgar Publishing},
	Title = {{Economic growth, material flows and the environment: New applications of structural decomposition analysis and physical input-output tables}},
	Year = {2003}}

@article{Hollomon1975,
	Author = {Hollomon, J H and Raz, B and Treitel, R},
	Journal = {Energy Policy},
	Number = {4},
	Pages = {299--305},
	Title = {{Nuclear power and oil imports : A look at the energy balance}},
	Volume = {3},
	Year = {1975}}

@article{Honnery,
	Author = {Honnery, Damon and Moriarty, Patrick},
	Journal = {International Journal of Hydrogen Energy},
	Title = {{Energy availability problems with rapid deployment of wind-hydrogen systems}},
	Volume = {In Press,}}

@misc{IAEA2011,
	Author = {IAEA},
	Title = {{Power Reactor Information System (PRIS) Database}},
	Year = {2011}}

@report{IEA2011}

@book{IEA2004,
	Address = {Paris, France},
	Author = {IEA},
	Publisher = {International Energy Agency},
	Title = {{Biofuels for transport : an international perspective}},
	Year = {2004}}

@report{IEA2010}

@report{IEA2009}

@report{IEA2010b}

@book{IFIAS1974,
	Author = {IFIAS},
	Publisher = {International Federation of Institutes for Advanced Study},
	Title = {{Energy analysis workshop on methodology and conventions}},
	Year = {1974}}

@book{Ingrao1990,
	Author = {Ingrao, Bruna and Israel, Giorgio and McGilvray, Ian},
	Publisher = {Mit Press Cambridge, MA},
	Title = {{The invisible hand: economic equilibrium in the history of science}},
	Year = {1990}}

@online{EIOLCA2014}

@misc{IIOA-Data,
	Author = {{International Input-Output Association}},
	Howpublished = {$\backslash$url\{http://www.iioa.org/io-data/io-data.html\}},
	Title = {{IO-Data}}}

@misc{Ismayilova2007,
	Author = {Ismayilova, R M and Rogers, G O},
	Title = {{Power from Woody Residues and Agricultural Crops in East Texas}},
	Year = {2007}}

@article{Ito2008,
	Author = {Ito, Masakazu and Kato, Kazuhiko and Komoto, Keiichi and Kichimi, Tetsuo and Kurokawa, Kosuke},
	Journal = {Progress in Photovoltaics: Research and Applications},
	Number = {1},
	Pages = {17--30},
	Title = {{A comparative study on cost and life-cycle analysis for 100 MW very large-scale PV (VLS-PV) systems in deserts using m-Si, a-Si, CdTe, and CIS modules}},
	Volume = {16},
	Year = {2008}}

@article{Jacovides2000,
	Author = {Jacovides, C P and Steven, M D and Asimakopoulos, D N},
	Journal = {Solar energy},
	Number = {3},
	Pages = {215--227},
	Title = {{Spectral solar irradiance and some optical properties for various polluted atmospheres}},
	Volume = {69},
	Year = {2000}}

@article{Jason2006,
	Author = {Jason, Hill and Nelson, Erik and Tilman, David and Polasky, Stephen and Tiffany, Douglas},
	Journal = {Proceedings of the National Academy of Sciences of the United States of America},
	Number = {30},
	Pages = {11206--11210},
	Title = {{Environmental, Economic, and Energetic Costs and Benefits of Biodiesel and Ethanol Biofuels}},
	Volume = {103},
	Year = {2006}}

@article{Jester2002,
	Author = {Jester, Theresa L},
	Journal = {Progress in Photovoltaics: Research and Applications},
	Number = {2},
	Pages = {99--106},
	Title = {{Crystalline silicon manufacturing progress}},
	Volume = {10},
	Year = {2002}}

@article{Johnson1997,
	Author = {Johnson, D L and Ambrose, S H and Bassett, T J and Bowen, M L and Crummey, D E and Isaacson, J S and Johnson, D N and Lamb, P and Saul, M and Winter-Nelson, A E},
	Journal = {Journal of Environmental Quality},
	Number = {3},
	Pages = {581--589},
	Title = {{Meanings of environmental terms}},
	Volume = {26},
	Year = {1997}}

@article{Jones:2001wn,
	Author = {Jones, Charles I},
	Journal = {Advances in Macroeconomics},
	Number = {2},
	Pages = {1--43},
	Title = {{Was an industrial revolution inevitable? Economic growth over the very long run}},
	Volume = {1},
	Year = {2001}}

@article{Jones2007,
	Author = {Jones, J C},
	Journal = {Fuel},
	Pages = {2021},
	Title = {{Synthesis gas derived fuels and carbon neutrality}},
	Volume = {86},
	Year = {2007}}

@article{Joshi:1999uw,
	Author = {Joshi, Satish},
	Journal = {Journal of Industrial Ecology},
	Number = {2â3},
	Pages = {95--120},
	Title = {{Product Environmental LifeâCycle Assessment Using InputâOutput Techniques}},
	Volume = {3},
	Year = {1999}}

@article{Jungbluth2005,
	Author = {Jungbluth, N and Bauer, C and Dones, R and Frischknecht, R},
	Journal = {International Journal of Life Cycle Assessment},
	Number = {1},
	Pages = {24--34},
	Title = {{Life cycle assessment for emerging technologies: case studies for photovoltaic and wind power}},
	Volume = {10},
	Year = {2005}}

@article{Jungbluth2009,
	Author = {Jungbluth, N and Tuchschmid, M},
	Journal = {Sachbilanzen von Energiesystemen: Grundlagen f\{\"{u}\}r den \{\"{o}\}kologischen Vergleich von Energiesystemen und den Einbezug von Energiesystemen in \{\"{O}\}kobilanzen f\{\"{u}\}r die Schweiz. Ecoinvent report},
	Number = {6-XII},
	Title = {{Photovoltaics}},
	Year = {2009}}

@article{Junginger2005,
	Author = {Junginger, M and Faaij, A and Turkenburg, W C},
	Journal = {Energy Policy},
	Number = {2},
	Pages = {133--150},
	Title = {{Global experience curves for wind farms}},
	Volume = {33},
	Year = {2005}}

@article{Kaldellis2010,
	Author = {Kaldellis, J K and Zafirakis, D and Kondili, E},
	Journal = {Renewable Energy},
	Number = {7},
	Pages = {1444--1454},
	Title = {{Energy pay-back period analysis of stand-alone photovoltaic systems}},
	Volume = {35},
	Year = {2010}}

@article{Kaldellis2009,
	Author = {Kaldellis, J K and Zafirakis, D and Kondili, E},
	Journal = {Energy},
	Number = {9},
	Pages = {1187--1198},
	Title = {{Optimum autonomous stand-alone photovoltaic system design on the basis of energy pay-back analysis}},
	Volume = {34},
	Year = {2009}}

@article{Kannan2006,
	Author = {Kannan, R and Leong, K C and Osman, R and Ho, H K and Tso, C P},
	Journal = {Solar Energy},
	Number = {5},
	Pages = {555--563},
	Title = {{Life cycle assessment study of solar PV systems: An example of a 2.7 kW(p) distributed solar PV system in Singapore}},
	Volume = {80},
	Year = {2006}}

@article{Kato1997,
	Author = {Kato, Kazuhiko and Murata, Akinobu and Sakuta, Koichi},
	Journal = {Solar Energy Materials and Solar Cells},
	Number = {1-4},
	Pages = {95--100},
	Title = {{An evaluation on the life cycle of photovoltaic energy system considering production energy of off-grade silicon}},
	Volume = {47},
	Year = {1997}}

@techreport{Katz2008,
	Author = {Katz, Arnold J},
	Institution = {Bureau of Economic Analysis},
	Month = may,
	Number = {WP2008-05},
	Title = {{Accounting for Obsolescence: An Evaluation of Current NIPA Practice}},
	Type = {White Paper},
	Year = {2008}}

@article{Kenny2010,
	Author = {Kenny, R and Law, C and Pearce, J M},
	Journal = {Energy Policy},
	Number = {4},
	Pages = {1969--1978},
	Title = {{Towards real energy economics: Energy policy driven by life-cycle carbon emission}},
	Volume = {38},
	Year = {2010}}

@article{Keoleian1997,
	Author = {Keoleian, Gregory A and Lewis, Geoffrey McD.},
	Journal = {Progress in Photovoltaics: Research and Applications},
	Month = jul,
	Number = {4},
	Pages = {287--300},
	Title = {{Application of life-cycle energy analysis to photovoltaic module design}},
	Volume = {5},
	Year = {1997}}

@incollection{Keoleian2006,
	Author = {Keoleian, Gregory A and Spitzley, David V},
	Booktitle = {Defining principles},
	Editor = {Abraham, M A},
	Pages = {127--159},
	Publisher = {Elsevier},
	Series = {Sustainability Science and Engineering},
	Title = {{Chapter 7 Life cycle based sustainability metrics}},
	Volume = {1},
	Year = {2006}}

@article{King2010,
	Author = {King, C W},
	Journal = {Environmental Research Letters},
	Number = {4},
	Pages = {44006},
	Title = {{Energy intensity ratios as net energy measures of United States energy production and expenditures}},
	Volume = {5},
	Year = {2010}}

@techreport{Kirkpatrick:1974te,
	Address = {Urbana, Illinois},
	Author = {Kirkpatrick, Ken},
	Month = aug,
	Number = {32},
	Title = {{Effect of Including Capital Flows on Energy Coefficients, 1963}},
	Type = {CAC Technical Memorandum},
	Year = {1974}}

@article{Knapp2001,
	Author = {Knapp, K and Jester, T},
	Journal = {Solar Energy},
	Number = {3},
	Pages = {165--172},
	Title = {{Empirical investigation of the energy payback time for photovoltaic modules}},
	Volume = {71},
	Year = {2001}}

@article{Koroneos2004,
	Author = {Koroneos, Christopher and Stylos, Nikolaos and Moussiopoulos, Nicolas},
	Journal = {The International Journal of Life Cycle Assessment},
	Month = dec,
	Number = {2},
	Pages = {129--136},
	Title = {{LCA of Multicrystalline Silicon Photovoltaic Systems - Part 1: Present Situation and Future Perspectives (8 pp)}},
	Volume = {11},
	Year = {2004}}

@article{Krauter2004345,
	Author = {Krauter, S and Ruther, R},
	Journal = {Renewable Energy},
	Number = {3},
	Pages = {345--355},
	Title = {{Considerations for the calculation of greenhouse gas reduction by photovoltaic solar energy}},
	Volume = {29},
	Year = {2004}}

@article{Kreith1990,
	Author = {Kreith, Frank and Norton, Paul and Brown, Daryl},
	Journal = {Energy},
	Number = {12},
	Pages = {1181--1198},
	Title = {{A comparison of CO2 emissions from fossil and solar power plants in the United States}},
	Volume = {15},
	Year = {1990}}

@article{Laleman2011,
	Author = {Laleman, Ruben and Albrecht, Johan and Dewulf, Jo},
	Journal = {Renewable and Sustainable Energy Reviews},
	Number = {1},
	Pages = {267--281},
	Title = {{Life Cycle Analysis to estimate the environmental impact of residential photovoltaic systems in regions with a low solar irradiation}},
	Volume = {15},
	Year = {2011}}

@article{Landefeld:2008aa,
	Author = {Landefeld, J Steven and Seskin, Eugene P and Fraumeni, Barbara M},
	Journal = {Journal of Economic Perspectives},
	Number = {2},
	Title = {{Taking the Pulse of the Economy: Measuring GDP}},
	Volume = {22},
	Year = {2008}}

@article{Lavigne2007,
	Author = {Lavigne, A and Powers, S E},
	Journal = {Energy Policy},
	Number = {11},
	Pages = {5918--5930},
	Title = {{Evaluating fuel ethanol feedstocks from energy policy perspective: A comparative energy assessment of corn and corn stover}},
	Volume = {35},
	Year = {2007}}

@article{Lawn:2003aa,
	Author = {Lawn, Philip A},
	Journal = {Ecological Economics},
	Pages = {105--118},
	Title = {{A Theoretical Foundation to Support the Index of Sustainable Economic Welfare (ISEW), Genuine Progress Indicator (GPI), and Other Related Indexes}},
	Volume = {44},
	Year = {2003}}

@article{Lawson2002,
	Author = {Lawson, Ann M and Bersani, Kurt S and Guo, Jiemin},
	Journal = {Survey of Current Business},
	Number = {12},
	Pages = {19--38},
	Title = {{Benchmark Input-Output Accounts of the United States, 1997}},
	Volume = {82},
	Year = {2002}}

@incollection{Leach1977,
	Author = {Leach, Gerald},
	Editor = {Thomas, John A G},
	Publisher = {IPC Science and Technology Press},
	Title = {{Net energy analysis - is it any good?}},
	Year = {1977}}

@book{Leach1976,
	Author = {Leach, Gerald},
	Publisher = {IPC Science and Technology Press},
	Title = {{Energy and Food Production}},
	Year = {1976}}

@article{Leach1975,
	Author = {Leach, Gerald},
	Journal = {Energy Policy},
	Number = {4},
	Pages = {332--344},
	Title = {{Net energy analysis -- is it any use?}},
	Volume = {3},
	Year = {1975}}

@book{Leask2012,
	Author = {Leask, Anna and Fyall, Alan},
	Publisher = {Routledge},
	Title = {{Managing world heritage sites}},
	Year = {2012}}

@article{Lenzen1998,
	Author = {Lenzen, Manfred},
	Journal = {Energy policy},
	Number = {6},
	Pages = {495--506},
	Title = {{Primary energy and greenhouse gases embodied in Australian final consumption: an input--output analysis}},
	Volume = {26},
	Year = {1998}}

@article{Lenzen2002,
	Author = {Lenzen, Manfred and Munksgaard, Jesper},
	Journal = {Renewable Energy},
	Number = {3},
	Pages = {339--362},
	Title = {{Energy and CO2 life-cycle analyses of wind turbines--review and applications}},
	Volume = {26},
	Year = {2002}}

@article{Leontief1936,
	Author = {Leontief, W},
	Journal = {Review of Economics and Statistics},
	Pages = {105--125},
	Title = {{Quantitative Input-output Study of the Louisiana Economy.''}},
	Volume = {18},
	Year = {1936}}

@article{Liu2012,
	Author = {Liu, Eric and Hanauer, Nick},
	Journal = {The New York Times, July 10, 2012, sec. Opinion, http://www.nytimes.com/2012/07/11/opinion/our-gardenbrain-economy.html.},
	Title = {{The Machine and the Garden}},
	Volume = {July, 10},
	Year = {2012}}
	
@article{Lockertz1978,
	Author = {Lockeretz, William},
	Journal = {American Scientist},
	Number = {5},
	Pages = {560--569},
	Title = {{The Lessons of the Dust Bowl: Several Decades before the Current Concern with Environmental Problems, Dust Storms Ravaged the Great Plains, and the Threat of More Dust Storms Still Hangs over Us}},
	Volume = {66},
	Year = {1978}}

@misc{Lorenz1995,
	Author = {Lorenz, David and Morris, David},
	Title = {{How Much Energy Does It Take to Make a Gallon of Ethanol?}},
	Year = {1995}}

@article{RMI1996,
	Author = {Lovins, Amory B and Brylawski, Michael M and Cramer, David R and Moore, Timothy C and Others},
	Title = {{Hypercars: Materials, manufacturing, and policy implications}},
	Year = {1996}}

@book{Luque2011,
	Author = {Luque, A and Hegedus, S},
	Publisher = {Wiley},
	Title = {{Handbook of photovoltaic science and engineering}},
	Year = {2011}}

@inproceedings{Lysen2002,
	Author = {Lysen, E H and Ouwens, C D},
	Booktitle = {Proceedings of 17th European Photovoltaic Solar Energy Conference, M\{\"{u}\}nchen},
	Title = {{Energy effects of the rapid growth of PV capacity and the urgent need to reduce the energy payback time}},
	Year = {2002}}

@article{Machado2001,
	Author = {Machado, Giovani and Schaeffer, Roberto and Worrell, Ernst},
	Journal = {Ecological economics},
	Number = {3},
	Pages = {409--424},
	Title = {{Energy and carbon embodied in the international trade of Brazil: an input--output approach}},
	Volume = {39},
	Year = {2001}}

@book{Mackay2008,
	Address = {Cambridge, England},
	Author = {MacKay, David},
	Publisher = {UIT Cambridge},
	Title = {{Sustainable Energy---without the hot air}},
	Year = {2009}}

@article{MacLean1998,
	Author = {MacLean, Heather L and Lave, Lester B},
	Journal = {Environmental Science \& Technology},
	Number = {13},
	Pages = {322A----330A},
	Title = {{Peer reviewed: A life-cycle model of an automobile}},
	Volume = {32},
	Year = {1998}}

@article{MacLean2003,
	Author = {MacLean, Heather L and Lave, Lester B},
	Journal = {Environmental Science \& Technology},
	Number = {23},
	Pages = {5445--5452},
	Title = {{Life cycle assessment of automobile/fuel options}},
	Volume = {37},
	Year = {2003}}

@techreport{Malik:2013aa,
	Author = {Malik, Khalid},
	Institution = {United Nations Development Programme},
	Title = {{The Rise of the South: Human Progress in a Diverse World}},
	Type = {Human Development Report 2013},
	Year = {2013}}

@misc{Marchetti1978,
	Author = {Marchetti, C and Nakicenovic, N and Peterka, V and Fleck, F},
	Title = {{The Dynamics of Energy Systems and the Logistic Substitution Model}},
	Year = {1978}}

@article{Marland1991,
	Author = {Marland, G and Turhollow, A F},
	Journal = {Energy},
	Number = {11-12},
	Pages = {1307--1316},
	Title = {{CO2 emissions from the production and combustion of fuel ethanol from corn}},
	Volume = {16},
	Year = {1991}}

@article{springerlink:10.1007/s11367-008-0033-9,
	Author = {Mart\'{\i}nez, Eduardo and Sanz, F\'{e}lix and Pellegrini, Stefano and Jim\'{e}nez, Emilio and Blanco, Julio},
	Journal = {The International Journal of Life Cycle Assessment},
	Number = {1},
	Pages = {52--63},
	Title = {{Life-cycle assessment of a 2-MW rated power wind turbine: CML method}},
	Volume = {14},
	Year = {2009}}

@misc{MDDNR:2014ab,
	Author = {{Maryland Department of Natural Resources}},
	Howpublished = {$\backslash$url\{http://www.dnr.maryland.gov/mdgpi/whatisthegpi.asp\}},
	Title = {{What is the Genuine Progress Indicator?}},
	Year = {2014}}

@misc{MDDNR:2013aa,
	Author = {{Maryland Department of Natural Resources}},
	Howpublished = {$\backslash$url\{http://www.dnr.maryland.gov/mdgpi/\}},
	Title = {{Maryland's Genuine Progress Indicator: An Index for Sustainable Prosperity}},
	Year = {2013}}

@article{Mason2006,
	Author = {Mason, J E and Fthenakis, V M and Hansen, T and Kim, H C},
	Journal = {Progress in Photovoltaics: Research and Applications},
	Month = mar,
	Number = {2},
	Pages = {179--190},
	Title = {{Energy payback and life-cycle CO2 emissions of the BOS in an optimized 3Â·5 MW PV installation}},
	Volume = {14},
	Year = {2006}}

@article{Mathur2002,
	Author = {Mathur, Jyotirmay and Bansal, Narendra Kumar and Wagner, Hermann-Joseph},
	Journal = {Energy Sources, Part A: Recovery, Utilization, and Environmental Effects},
	Number = {1},
	Pages = {19--26},
	Title = {{Energy and Environmental Correlation for Renewable Energy Systems in India}},
	Volume = {24},
	Year = {2002}}

@article{Mathur2004,
	Author = {Mathur, Jyotirmay and Bansal, Narendra Kumar and Wagner, Hermann-Joseph},
	Journal = {Energy Policy},
	Number = {2},
	Pages = {281--287},
	Title = {{Dynamic energy analysis to assess maximum growth rates in developing power generation capacity: case study of India}},
	Volume = {32},
	Year = {2004}}

@incollection{Mauk2005121,
	Address = {Oxford},
	Author = {Mauk, Michael and Sims, Paul and Rand, James and Barnett, Allen},
	Booktitle = {Solar Cells},
	Editor = {Markvart, Tom and Castaï¿½er, Luis},
	Pages = {121--161},
	Publisher = {Elsevier Science},
	Title = {{Thin silicon solar cells}},
	Year = {2005}}

@article{McCleese2002,
	Author = {McCleese, David L and LaPuma, Peter T},
	Journal = {The International Journal of Life Cycle Assessment},
	Number = {4},
	Pages = {230--236},
	Title = {{Using Monte Carlo simulation in life cycle assessment for electric and internal combustion vehicles}},
	Volume = {7},
	Year = {2002}}

@article{McDonald2001255,
	Author = {McDonald, Alan and Schrattenholzer, Leo},
	Journal = {Energy Policy},
	Number = {4},
	Pages = {255--261},
	Title = {{Learning rates for energy technologies}},
	Volume = {29},
	Year = {2001}}

@incollection{McEvoy2005,
	Address = {Oxford},
	Author = {McEvoy, A J},
	Booktitle = {Solar Cells},
	Editor = {Markvart, Tom and Castaï¿½er, Luis},
	Pages = {395--417},
	Publisher = {Elsevier Science},
	Title = {{Photoelectrochemical solar cells}},
	Year = {2005}}

@article{McLaughlin1998,
	Author = {McLaughlin, S B and Walsh, M E},
	Journal = {Biomass and Bioenergy},
	Number = {4},
	Pages = {317--324},
	Title = {{Evaluating environmental consequences of producing herbaceous crops for bioenergy}},
	Volume = {14},
	Year = {1998}}

@techreport{Meadows:1998aa,
	Address = {Hartland Four Corners, Vermont},
	Author = {Meadows, Donella},
	Institution = {The Sustainability Institute},
	Month = sep,
	Title = {{Indicators and Information Systems for Sustainable Development}},
	Type = {Report to the Balton Group},
	Year = {1998}}

@book{Meadows1992,
	Author = {Meadows, Donella H and Meadows, Dennis L and Randers, J\o rgen and Others},
	Publisher = {Earthscan Publications Ltd.},
	Title = {{Beyond the limits: global collapse or a sustainable future.}},
	Year = {1992}}

@book{Meier2002,
	Address = {Madison, WI, USA},
	Author = {Meier, P J},
	Publisher = {University of Wisconsin},
	Title = {{Life Cycle Assessment of Electricity Generation Systems and Applications for Climate Change Policy Analysis}},
	Volume = {PhD Land R},
	Year = {2002}}

@misc{Meier2002a,
	Author = {Meier, P J and Kulcinski, G L},
	Title = {{Life-Cycle Energy Requirements and Greenhouse Gas Emissions for Building-Integrated Photovoltaics}},
	Year = {2002}}

@article{Mohr2007,
	Author = {Mohr, N J and Schermer, J J and Huijbregts, M A J and Meijer, A and Reijnders, L},
	Journal = {Progress in Photovoltaics Research and Applications},
	Number = {2},
	Pages = {163--179},
	Title = {{Life cycle assessment of thin-film GaAs and GaInP/GaAs solar modules}},
	Volume = {15},
	Year = {2007}}

@book{Mott2010,
	Author = {Mott, John R and Bragagnolo, Julio A and Hayes, Michael P},
	Month = jun,
	Publisher = {IEEE},
	Title = {{Low cost, low CO<inf>2</inf> emission solar grade silicon}},
	Year = {2010}}

@article{Mudd2010,
	Author = {Mudd, G M},
	Journal = {Resources Policy},
	Number = {2},
	Pages = {98--115},
	Title = {{The Environmental sustainability of mining in Australia: key mega-trends and looming constraints}},
	Volume = {35},
	Year = {2010}}

@article{Mul2011,
	Author = {Mul, G and Schacht, C and van Swaaij, W P M and Moulijn, J A},
	Journal = {Chemical Engineering and Processing: Process Intensification},
	Title = {{Functioning devices for solar to fuel conversion}},
	Year = {2011}}

@article{Muneer2006,
	Author = {Muneer, T and Younes, S and Lambert, N and Kubie, J},
	Journal = {Proceedings of the Institution of Mechanical Engineers, Part A: Journal of Power and Energy},
	Number = {6},
	Pages = {517--524},
	Title = {{Life cycle assessment of a medium-sized photovoltaic facility at a high latitude location}},
	Volume = {220},
	Year = {2006}}

@article{Murphy2010,
	Author = {Murphy, David J and Hall, Charles A S},
	Journal = {Annals of the New York Academy of Sciences},
	Number = {Ecological Economics Reviews},
	Pages = {102--118},
	Title = {{Year in review; EROI or energy return on (energy) invested}},
	Volume = {1185},
	Year = {2010}}

@article{su3101888,
	Author = {Murphy, David J and Hall, Charles A S and Dale, Michael and Cleveland, Cutler},
	Journal = {Sustainability},
	Number = {10},
	Pages = {1888--1907},
	Title = {{Order from Chaos: A Preliminary Protocol for Determining the EROI of Fuels}},
	Volume = {3},
	Year = {2011}}

@incollection{Nelson2005,
	Address = {Oxford},
	Author = {Nelson, Jenny},
	Booktitle = {Solar Cells},
	Editor = {Markvart, Tom and Castaï¿½er, Luis},
	Pages = {419--447},
	Publisher = {Elsevier Science},
	Title = {{Organic and plastic solar cells}},
	Year = {2005}}

@article{Nguyen1987210,
	Author = {Nguyen, Hong V},
	Journal = {Energy Economics},
	Number = {4},
	Pages = {210--214},
	Title = {{Energy elasticities under Divisia and Btu aggregation}},
	Volume = {9},
	Year = {1987}}

@article{Nilsson1974,
	Author = {Nilsson, Sam},
	Journal = {Ambio},
	Number = {6},
	Pages = {222--224},
	Title = {{Energy Analysis: A More Sensitive Instrument for Determining Costs of Goods and Services}},
	Volume = {3},
	Year = {1974}}

@article{Nilsson1976,
	Author = {Nilsson, Sam and Kristoferson, Lars},
	Journal = {Ambio},
	Number = {1},
	Pages = {27--29},
	Title = {{Energy Analysis and Economics}},
	Volume = {5},
	Year = {1976}}

@article{Nishimura2010,
	Author = {Nishimura, A and Hayashi, Y and Tanaka, K and Hirota, M and Kato, S and Ito, M and Araki, K and Hu, E J},
	Journal = {Applied energy},
	Number = {9},
	Pages = {2797--2807},
	Title = {{Life cycle assessment and evaluation of energy payback time on high-concentration photovoltaic power generation system}},
	Volume = {87},
	Year = {2010}}

@article{Nordhaus:1999aa,
	Author = {Nordhaus, William D},
	Journal = {Survey of Current Business},
	Month = nov,
	Pages = {45--65},
	Title = {{The Future of Environmental and Augmented National Accounts}},
	Year = {1999}}

@book{Nordhaus1999a,
	Address = {Washington, DC},
	Author = {Nordhaus, William D and Kokkelenberg, Edward C and Others},
	Publisher = {National Academies Press},
	Title = {{Nature's Numbers: Expanding the National Economic Accounts to Include the Environment}},
	Year = {1999}}

@article{Norgaard1990,
	Author = {Norgaard, Richard B},
	Journal = {Journal of Environmental Economics and Management},
	Number = {1},
	Pages = {19--25},
	Title = {{Economic indicators of resource scarcity: A critical essay}},
	Volume = {19},
	Year = {1990}}

@article{Norgaard2010,
	Author = {Norgaard, Richard B},
	Journal = {Ecological Economics},
	Number = {6},
	Pages = {1219--1227},
	Title = {{Ecosystem services: From eye-opening metaphor to complexity blinder}},
	Volume = {69},
	Year = {2010}}

@article{Odum1969,
	Author = {Odum, Eugene P},
	Title = {{The strategy of ecosystem development}},
	Year = {1969}}

@misc{Odum1975,
	Author = {Odum, H T},
	Title = {{Energy Analysis and Net Energy}},
	Year = {1975}}

@article{Odum2000,
	Author = {Odum, Howard T},
	Journal = {Energy},
	Number = {4},
	Pages = {389--393},
	Title = {{Emergy evaluation of an OTEC electrical power system}},
	Volume = {25},
	Year = {2000}}

@book{Odum1996,
	Address = {New York},
	Author = {Odum, Howard T},
	Publisher = {Wiley},
	Title = {{Environmental accounting : EMERGY and environmental decision making}},
	Year = {1996}}

@misc{BEAKLEMSData,
	Author = {{of Economic Analysis}, Bureau},
	Howpublished = {$\backslash$url\{http://www.bea.gov/industry/more.htm\}},
	Title = {{Input-Output Accounts Data}}}

@misc{BEAIOData,
	Author = {{of Economic Analysis}, Bureau},
	Howpublished = {$\backslash$url\{http://www.bea.gov/industry/io\_annual.htm\}},
	Title = {{Input-Output Accounts Data}}}

@misc{Motor-Vehicle-Manufacturers-OICA:2014aa,
	Author = {{of Motor Vehicle Manufacturers (OICA)}, International Organization},
	Howpublished = {$\backslash$url\{http://www.oica.net/category/production-statistics/2010-statistics/\}},
	Title = {{2010 Production Statistics}},
	Year = {2010}}

@article{Pacca2007,
	Author = {Pacca, Sergio and Sivaraman, Deepak and Keoleian, Gregory A},
	Journal = {Energy Policy},
	Number = {6},
	Pages = {3316--3326},
	Title = {{Parameters affecting the life cycle performance of PV technologies and systems}},
	Volume = {35},
	Year = {2007}}

@article{parrinello2004service,
	Author = {Parrinello, Sergio},
	Journal = {Structural Change and Economic Dynamics},
	Number = {4},
	Pages = {381--400},
	Title = {{The Service Economy Revisited}},
	Volume = {15},
	Year = {2004}}

@article{Pearce2008,
	Author = {Pearce, Joshua M},
	Journal = {International Journal of Nuclear Governance, Economy and Ecology},
	Number = {1},
	Pages = {113--130},
	Title = {{Thermodynamic Limitations to Nuclear Energy Deployment as a Greenhouse Gas Mitigation Technology}},
	Volume = {2},
	Year = {2008}}

@article{Pedersen2006,
	Author = {Pedersen, Ole Gravg\aa rd and Haan, Mark},
	Journal = {Journal of Industrial Ecology},
	Number = {1-2},
	Pages = {19--42},
	Title = {{The system of environmental and economic accounts---2003 and the economic relevance of physical flow accounting}},
	Volume = {10},
	Year = {2006}}

@book{Peet1992,
	Address = {Washington, D.C},
	Author = {Peet, John},
	Publisher = {Island Press},
	Title = {{Energy and the ecological economics of sustainability}},
	Year = {1992}}

@book{Peet1986,
	Author = {Peet, N J},
	Publisher = {New Zealand Energy Research and Development Committee},
	Title = {{Energy Analysis: A Review of Theory and Applications}},
	Year = {1986}}

@article{Penner1976,
	Author = {Penner, S S},
	Journal = {Energy},
	Number = {1},
	Pages = {45--51},
	Title = {{Construction of nuclear reactors to obtain desired electricity-generating capacity}},
	Volume = {1},
	Year = {1976}}

@article{Pimentel2005,
	Author = {Pimentel, David and Patzek, Tad W},
	Journal = {Natural Resources Research},
	Number = {1},
	Pages = {65--76},
	Title = {{Ethanol Production Using Corn, Switchgrass, and Wood; Biodiesel Production Using Soybean and Sunflower}},
	Volume = {14},
	Year = {2005}}

@article{Pizzini2010,
	Author = {Pizzini, Sergio},
	Journal = {Solar Energy Materials and Solar Cells},
	Number = {9},
	Pages = {1528--1533},
	Title = {{Towards solar grade silicon: Challenges and benefits for low cost photovoltaics}},
	Volume = {94},
	Year = {2010}}

@misc{Porter2008,
	Author = {Porter, Pamela A and Barry, Jonathan and Samson, Roger and Doudlah, Mark},
	Title = {{Growing Wisconsin Energy: A Native Grass Pellet Bio-Heat Roadmap for Wisconsin}},
	Year = {2008}}

@article{Prakash1998,
	Author = {Prakash, R and Henham, A and Bhat, I K},
	Journal = {Fuel},
	Number = {14},
	Pages = {1629--1633},
	Title = {{Net energy and gross pollution from bioethanol production in India}},
	Volume = {77},
	Year = {1998}}

@article{PRAKASH1995,
	Author = {PRAKASH, RAVI and BANSAL, N K},
	Journal = {Energy Sources},
	Month = nov,
	Number = {6},
	Pages = {605--613},
	Title = {{Energy Analysis of Solar Photovoltaic Module Production in India}},
	Volume = {17},
	Year = {1995}}

@book{Rao2004,
	Author = {Rao, Y V C},
	Publisher = {Universities Press},
	Title = {{An Introduction To Thermodynamics}},
	Year = {2004}}

@incollection{Rau2005,
	Address = {Oxford},
	Author = {Rau, U and Schock, H W},
	Booktitle = {Solar Cells},
	Editor = {Markvart, Tom and Castaï¿½er, Luis},
	Pages = {303--349},
	Publisher = {Elsevier Science},
	Title = {{Cu(In,Ga)Se2 thin-film solar cells}},
	Year = {2005}}

@article{Raugei20071310,
	Author = {Raugei, Marco and Bargigli, Silvia and Ulgiati, Sergio},
	Journal = {Energy},
	Number = {8},
	Pages = {1310--1318},
	Title = {{Life cycle assessment and energy pay-back time of advanced photovoltaic modules: CdTe and CIS compared to poly-Si}},
	Volume = {32},
	Year = {2007}}

@article{Raugei2009,
	Author = {Raugei, Marco and Frankl, Paolo},
	Journal = {Energy},
	Number = {3},
	Pages = {392--399},
	Title = {{Life cycle impacts and costs of photovoltaic systems: Current state of the art and future outlooks}},
	Volume = {34},
	Year = {2009}}

@article{Reap2008,
	Author = {Reap, John and Roman, Felipe and Duncan, Scott and Bras, Bert},
	Journal = {The International Journal of Life Cycle Assessment},
	Number = {5},
	Pages = {374--388},
	Title = {{A survey of unresolved problems in life cycle assessment}},
	Volume = {13},
	Year = {2008}}

@article{PIP:PIP575,
	Author = {Richards, Bryce S},
	Journal = {Progress in Photovoltaics: Research and Applications},
	Number = {5},
	Pages = {387--391},
	Title = {{Photovoltaics literature survey (no. 31)}},
	Volume = {12},
	Year = {2004}}

@article{Roberts1978199,
	Author = {Roberts, F},
	Journal = {Applied Energy},
	Number = {3},
	Pages = {199--217},
	Title = {{The aims, methods and uses of energy accounting}},
	Volume = {4},
	Year = {1978}}

@article{PIP:PIP891,
	Author = {Roes, A L and Alsema, E A and Blok, K and Patel, M K},
	Journal = {Progress in Photovoltaics: Research and Applications},
	Number = {6},
	Pages = {372--393},
	Title = {{Ex-ante environmental and economic evaluation of polymer photovoltaics}},
	Volume = {17},
	Year = {2009}}

@article{Rotty1975,
	Author = {Rotty, R.M. and Perry, A.M. and Reister, D.B.},
	Month = nov,
	Title = {{Net energy from nuclear power}},
	Year = {1975}}

@article{Sarti200227,
	Author = {Sarti, Dominique and Einhaus, Roland},
	Journal = {Solar Energy Materials and Solar Cells},
	Number = {1--4},
	Pages = {27--40},
	Title = {{Silicon feedstock for the multi-crystalline photovoltaic industry}},
	Volume = {72},
	Year = {2002}}

@book{Schroedinger1947,
	Author = {Schr\"{o}edinger, E},
	Publisher = {Cambridge: Cambridge University Press},
	Title = {{What is life}},
	Year = {1947}}

@article{Schweimer1996,
	Author = {Schweimer, G W and Schuckert, M},
	Journal = {VDI BERICHTE},
	Pages = {235--256},
	Title = {{Life cycle inventory of a golf}},
	Volume = {1307},
	Year = {1996}}

@article{Schweimer2000,
	Author = {Schweimer, Georg W and Levin, Marcel},
	Journal = {Research, Environment and Transport},
	Title = {{Life cycle inventory for the Golf A4}},
	Year = {2000}}

@book{Seuss:1971aa,
	Address = {New York, N.Y.},
	Author = {Seuss, Dr.},
	Publisher = {Random House},
	Title = {{The Lorax}},
	Year = {1971}}

@misc{Shapouri1995,
	Author = {Shapouri, Hosein and Duffield, James A and Graboski, Michael S},
	Title = {{Estimating the Net Energy Balance of Corn Ethanol}},
	Year = {1995}}

@article{Sherwani2010,
	Author = {Sherwani, A F and Usmani, J A and Varun},
	Journal = {Renewable \& Sustainable Energy Reviews},
	Number = {1},
	Pages = {540--544},
	Title = {{Life cycle assessment of solar PV based electricity generation systems: A review}},
	Volume = {14},
	Year = {2010}}

@misc{Simon1981,
	Author = {Simon, Julian L},
	Title = {{Population: The ultimate resource}},
	Year = {1981}}

@book{Simon1998,
	Author = {Simon, Julian Lincoln},
	Publisher = {Princeton University Press},
	Title = {{The ultimate resource 2}},
	Year = {1998}}

@article{Sinke,
	Author = {Sinke, WC and van Hooff, W and Coletti, G},
	Journal = {ecn.nl},
	Title = {{Wafer-based crystalline silicon modules at 1â¬/Wp: final results from the CRYSTALCLEAR Integrated Project}}}

@article{Slesser1976,
	Author = {Slesser, M and Hounam, I},
	Journal = {Nature},
	Pages = {244--245},
	Title = {{Solar energy breeders}},
	Volume = {262},
	Year = {1976}}

@article{Slesser1997,
	Author = {Slesser, M and King, J and Crane, D C},
	Journal = {Edinburgh: Resource Use Institute},
	Title = {{The Management of Greed: A BioPhysical Appraisal of Environmental and Economic Potential}},
	Year = {1997}}

@article{Slesser1976a,
	Author = {Slesser, Malcolm},
	Journal = {Energy Policy},
	Number = {2},
	Pages = {175--177},
	Title = {{NEA reexamined}},
	Volume = {4},
	Year = {1976}}

@article{Slesser1977,
	Author = {Slesser, Malcolm and Odum, Howard T and Huettner, David A},
	Journal = {Science},
	Number = {4287},
	Pages = {259--262},
	Title = {{Energy Analysis}},
	Volume = {196},
	Year = {1977}}

@article{Sollner:1997wx,
	Author = {S\"{o}llner, Fritz},
	Journal = {Ecological Economics},
	Number = {3},
	Pages = {175--201},
	Title = {{A reexamination of the role of thermodynamics for environmental economics}},
	Volume = {22},
	Year = {1997}}

@techreport{Stodolsky1995,
	Author = {Stodolsky, F and Vyas, A and Cuenca, R and Gaines, L},
	Institution = {Argonne National Lab., IL (United States)},
	Title = {{Life-cycle energy savings potential from aluminum-intensive vehicles}},
	Year = {1995}}

@article{Stoppato2008224,
	Author = {Stoppato, A},
	Journal = {Energy},
	Number = {2},
	Pages = {224--232},
	Title = {{Life cycle assessment of photovoltaic electricity generation}},
	Volume = {33},
	Year = {2008}}

@article{Strassner:2005aa,
	Author = {Strassner, Erich H and Medeiros, Gabriel W and Smith, George M},
	Journal = {Survey of Current Business},
	Month = sep,
	Title = {{Annual Industry Accounts: Introducing KLEMS Input Estimates for 1997--2003}},
	Year = {2005}}

@book{Streitwieser:2011aa,
	Author = {Streitwieser, Mary L},
	Month = may,
	Publisher = {Bureau of Economic Analysis, US Department of Commerce},
	Title = {{Measuring the Nation's Economy: An Industry Perspective. A Primer on BEA's Industry Accounts}},
	Year = {2011}}

@article{Suh2002,
	Author = {Suh, Sangwon and Huppes, Gjalt},
	Journal = {The International Journal of Life Cycle Assessment},
	Number = {3},
	Pages = {134--140},
	Title = {{Missing inventory estimation tool using extended input-output analysis}},
	Volume = {7},
	Year = {2002}}

@incollection{springerlink:10.1007/978-1-4020-5737-3_14,
	Author = {Suh, Sangwon and Huppes, Gjalt},
	Booktitle = {Handbook of Input-Output Economics in Industrial Ecology},
	Editor = {Suh, Sangwon},
	Pages = {263--282},
	Publisher = {Springer Netherlands},
	Series = {Eco-Efficiency in Industry and Science},
	Title = {{Methods in the Life Cycle Inventory of a Product}},
	Volume = {23},
	Year = {2009}}

@article{doi:10.1021/es0263745,
	Author = {Suh, Sangwon and Lenzen, Manfred and Treloar, Graham J and Hondo, Hiroki and Horvath, Arpad and Huppes, Gjalt and Jolliet, Olivier and Klann, Uwe and Krewitt, Wolfram and Moriguchi, Yuichi and Munksgaard, Jesper and Norris, Gregory},
	Journal = {Environmental Science \& Technology},
	Number = {3},
	Pages = {657--664},
	Title = {{System Boundary Selection in Life-Cycle Inventories Using Hybrid Approaches}},
	Volume = {38},
	Year = {2004}}

@techreport{Sullivan2010,
	Author = {Sullivan, J L and Burnham, A and Wang, M and Others},
	Institution = {Argonne National Laboratory (ANL)},
	Title = {{Energy-consumption and carbon-emission analysis of vehicle and component manufacturing.}},
	Year = {2010}}

@inproceedings{Sullivan1995,
	Author = {Sullivan, John L and Hu, Jenny},
	Booktitle = {SAE CONFERENCE PROCEEDINGS P},
	Organization = {SOC AUTOMATIVE ENGINEERS INC},
	Pages = {7--20},
	Title = {{Life cycle energy analysis for automobiles}},
	Year = {1995}}

@article{Sullivan1998,
	Author = {Sullivan, John L and Williams, Ronald L and Yester, Susan and Cobas-Flores, Elisa and Chubbs, Scott T and Hentges, Steven G and Pomper, Steven D},
	Journal = {SAE transactions},
	Number = {6},
	Pages = {1909--1923},
	Title = {{Life cycle inventory of a generic US family sedan: Overview of results USCAR AMP project}},
	Volume = {107},
	Year = {1998}}

@article{PIP:PIP709,
	Author = {Swanson, Richard M},
	Journal = {Progress in Photovoltaics: Research and Applications},
	Number = {5},
	Pages = {443--453},
	Title = {{A vision for crystalline silicon photovoltaics}},
	Volume = {14},
	Year = {2006}}

@article{Swanson15052009,
	Author = {Swanson, Richard M},
	Journal = {Science},
	Number = {5929},
	Pages = {891--892},
	Title = {{Photovoltaics Power Up}},
	Volume = {324},
	Year = {2009}}

@inproceedings{Swanson2011,
	Author = {Swanson, Richard M},
	Publisher = {Stanford Energy Seminar, November 14, 2011},
	Title = {{Solar's Learning Curve Paves Way to Competitive Costs}},
	Year = {2011}}

@article{Tahara1997S615,
	Author = {Tahara, Kiyotaka and Kojima, Toshinori and Inaba, Atsushi},
	Journal = {Energy Conversion and Management},
	Number = {Supplement 1},
	Pages = {S615 -- S620},
	Title = {{Evaluation of CO2 payback time of power plants by LCA}},
	Volume = {38},
	Year = {1997}}

@article{Tripanagnostopoulos2005,
	Author = {Tripanagnostopoulos, Y and Souliotis, M and Battisti, R and Corrado, A},
	Journal = {Progress in Photovoltaics: Research and Applications},
	Number = {3},
	Pages = {235--250},
	Title = {{Energy, cost and LCA results of PV and hybrid PV/T solar systems}},
	Volume = {13},
	Year = {2005}}

@article{Turner2007,
	Author = {Turner, Karen and Lenzen, Manfred and Wiedmann, Thomas and Barrett, John},
	Journal = {Ecological Economics},
	Number = {1},
	Pages = {37--44},
	Title = {{Examining the global environmental impact of regional consumption activities---Part 1: A technical note on combining input--output and ecological footprint analysis}},
	Volume = {62},
	Year = {2007}}

@article{Tyner1988,
	Author = {Tyner, Gene and Costanza, Robert and Fowler, Richard G},
	Journal = {Energy},
	Number = {1},
	Pages = {73--81},
	Title = {{The net-energy yield of nuclear power}},
	Volume = {13},
	Year = {1988}}

@article{Ulgiati2011,
	Author = {Ulgiati, S and Ascione, M and Bargigli, S and Cherubini, F and Franzese, P P and Raugei, M and Viglia, S and Zucaro, A},
	Journal = {Ecological Modelling},
	Number = {1},
	Pages = {176--189},
	Title = {{Material, energy and environmental performance of technological and social systems under a Life Cycle Assessment perspective}},
	Volume = {222},
	Year = {2011}}

@misc{UN2012,
	Author = {UN},
	Title = {{UN Energy Statistics Database}},
	Year = {2012}}

@misc{UNSEEA:aa,
	Author = {{United Nations, Department of Economic and Social Affairs, Statistics Division}},
	Howpublished = {http://unstats.un.org/unsd/envaccounting/seea.asp},
	Title = {{System of Environmental-Economic Accounting (SEEA)}}}

@book{UNMEA2005,
	Author = {UNMEA},
	Publisher = {Island Press, UN Millennium Ecosystem Assessment Assessment},
	Title = {{Ecosystems and Human Well-Being: Our Human Planet: Summary for Decision Makers}},
	Volume = {5},
	Year = {2005}}

@book{Ura:2012aa,
	Address = {Thimphu, Bhutan},
	Author = {Ura, Karma and Alkire, Sabina and Zangmo, Tshoki and Wangdi, Karma},
	Publisher = {The Centre for Bhutan Studies},
	Title = {{A Short Guide to Gross National Happiness Index}},
	Year = {2012}}

@article{Vadas2008,
	Author = {Vadas, P and Barnett, K and Undersander, D},
	Journal = {BioEnergy Research},
	Number = {1},
	Pages = {44--55},
	Title = {{Economics and Energy of Ethanol Production from Alfalfa, Corn, and Switchgrass in the Upper Midwest, USA}},
	Volume = {1},
	Year = {2008}}

@misc{Veltkamp2006,
	Author = {Veltkamp, A C and {De Wild-Scholten}, M J},
	Title = {{Dye sensitised solar cells for large-scale photovoltaics; the determination of environmental performances}},
	Year = {2006}}

@article{VB1950,
	Author = {{Von Bertalanffy}, Ludwig},
	Journal = {British Journal for the Philosophy of Science},
	Title = {{An outline of general system theory.}},
	Year = {1950}}

@article{VonBlottnitz2007,
	Author = {von Blottnitz, Harro and Curran, Mary Ann},
	Journal = {Journal of Cleaner Production},
	Pages = {607--619},
	Title = {{A review of assessments conducted on bio-ethanol as a transportation fuel from a net energy, greenhouse gas, and environmental life cycle perspective}},
	Volume = {15},
	Year = {2007}}

@book{Wackernagel1996,
	Author = {Wackernagel, Mathis},
	Publisher = {New Society Publishers},
	Title = {{Our ecological footprint: reducing human impact on the earth}},
	Volume = {9},
	Year = {1996}}

@misc{Walras1993,
	Author = {Walras, L},
	Title = {{The Equilibrium Economics}},
	Year = {1993}}

@article{Walras1892,
	Author = {Walras, L\'{e}on},
	Journal = {The ANNALS of the American Academy of Political and Social Science},
	Number = {1},
	Pages = {45--64},
	Title = {{Geometrical Theory of the Determination of Prices}},
	Volume = {3},
	Year = {1892}}

@article{Warr:2012cg,
	Author = {Warr, Benjamin S and Ayres, Robert U},
	Journal = {Ecological Economics},
	Month = jan,
	Number = {C},
	Pages = {93--102},
	Title = {{Useful work and information as drivers of economic growth}},
	Volume = {73},
	Year = {2012}}

@article{EcoInvent2012,
	Author = {Weidema, B P and Bauer, C and Hischier, R and Mutel, C and Nemecek, T and Reinhard, J and Vadenbo, C O and Wernet, G},
	Journal = {St. Gallen: The ecoinvent Centre},
	Title = {{Overview and methodology. Data quality guideline for the ecoinvent database version 3. Ecoinvent Report 1 (v3)}},
	Year = {2012}}

@article{Wernick1996,
	Author = {Wernick, Iddo K and Herman, Robert and Govind, Shekhar and Ausubel, Jesse H},
	Journal = {Daedalus},
	Number = {3},
	Pages = {171--198},
	Title = {{Materialization and dematerialization: measures and trends}},
	Volume = {125},
	Year = {1996}}

@book{Whitehead2011,
	Address = {Cambridge, England},
	Author = {Whitehead, Alfred North},
	Publisher = {Cambridge University Press},
	Title = {{Science and the modern world}}}

@article{Wiedmann2013,
	Author = {Wiedmann, Thomas O and Schandl, Heinz and Lenzen, Manfred and Moran, Daniel and Suh, Sangwon and West, James and Kanemoto, Keiichiro},
	Journal = {Proceedings of the National Academy of Sciences},
	Pages = {201220362},
	Title = {{The material footprint of nations}},
	Year = {2013}}

@article{Wild-Scholten2008,
	Author = {Wild-Scholten, MJ De},
	Journal = {Proceedings of the \ldots},
	Title = {{LCA comparison of the Elkem Solar metallurgical route and conventional gas routes to solar silicon}},
	Year = {2008}}

@article{Wright1974,
	Author = {Wright, David J},
	Journal = {Energy Policy},
	Number = {4},
	Pages = {307--315},
	Title = {{3. Good and services: an input-output analysis}},
	Volume = {2},
	Year = {1974}}

@incollection{Yamamoto2005,
	Address = {Oxford},
	Author = {Yamamoto, Kenji},
	Booktitle = {Solar Cells},
	Editor = {Markvart, Tom and Castaï¿½er, Luis},
	Pages = {253--267},
	Publisher = {Elsevier Science},
	Title = {{Macrocrystalline silicon solar cells}},
	Year = {2005}}

@article{Yuan2008,
	Author = {Yuan, Joshua S and Tiller, Kelly H and Al-Ahmad, Hani and Stewart, Nathan R and {Stewart Jr}, C Neal},
	Journal = {Trends in Plant Science},
	Number = {8},
	Pages = {421--429},
	Title = {{Plants to power: bioenergy to fuel the future}},
	Volume = {13},
	Year = {2008}}

@article{zehner2013unclean,
	Author = {Zehner, Ozzie},
	Journal = {IEEE Spectrum},
	Number = {7},
	Pages = {40--45},
	Title = {{Unclean at any speed}},
	Volume = {50},
	Year = {2013}}

@article{Zhai2010,
	Author = {Zhai, P and Williams, E D},
	Journal = {Environmental Science \& Technology},
	Number = {20},
	Pages = {7950--7955},
	Title = {{Dynamic Hybrid Life Cycle Assessment of Energy and Carbon of Multicrystalline Silicon Photovoltaic Systems}},
	Volume = {44},
	Year = {2010}}

@book{Zwillinger2011,
	Author = {Zwillinger, D},
	Publisher = {CRC press},
	Title = {{CRC standard mathematical tables and formulae}},
	Year = {2011}}

@misc{CSI2011,
	Title = {{California \{S\}olar \{I\}nitiative, http://www.cpuc.ca.gov/PUC/energy/solar}}}

@misc{UKFIT2011,
	Title = {{\{Feed-in Tariffs Scheme (FITs)\}, http://www.energysavingtrust.org.uk/Generate-your-own-energy/Financial-incentives/Feed-In-Tariffs-scheme-FITs}}}

@misc{Fed1974,
	Title = {{Federal \{N\}onnuclear \{E\}nergy \{R\}esearch and \{D\}evelopment \{A\}ct, \{PL\} 93-577}},
	Year = {1974}}

@article{Economist2010,
	Journal = {The Economist},
	Title = {{Economics Focus: Agents of Change}},
	Year = {2010}}
